3142 5066
721 502 901 568 ..42-

277 660 460 754 cujusdam
473 659 652 731 theatralis
669 660 859 730 sodalitatis
886 656 1057 743 meminit,
1086 681 1163 749 quae
1191 659 1343 729 Mantuae

281 811 372 858 anno
389 788 474 856 1260
490 784 666 855 invenitur
680 807 787 876 seque
802 783 914 876 ipsam
930 785 1044 866 Mortis
1058 788 1344 870 confraternitatem

281 912 486 1004 appellabat.

346 1037 476 1106 Gallico
502 1037 636 1106 theatro
664 1059 735 1106 non
755 1035 880 1105 desunt
905 1035 1108 1106 funebribus
1129 1033 1343 1124 argumentis

279 1165 473 1233 Moralitctce
498 1185 574 1254 quae
596 1161 625 1230 si
643 1162 795 1253 primum
818 1185 862 1230 ex
890 1161 1044 1253 collegiis
1064 1160 1254 1252 prodierint
1273 1183 1344 1230 non

279 1289 455 1374 mirarer¹,
490 1288 608 1381 utpote
641 1311 684 1358 ex
716 1289 821 1382 asylis
851 1288 1041 1381 inquibus
1071 1287 1134 1356 sub
1156 1290 1343 1375 capillarum

281 1414 403 1484 umbra
425 1414 600 1504 religiosae
622 1414 891 1486 consuetudines
915 1437 936 1485 a
956 1415 1081 1485 luturis
1111 1413 1344 1485 sacerdotibus

281 1539 534 1608 servabantur.'

347 1665 431 1732 Haee
440 1649 655 1754 argumenta,
666 1663 797 1734 Ravisii
812 1664 911 1733 annis
926 1663 1229 1756 plerumquetrita‚
1241 1663 1345 1733 variis

282 1788 396 1858 abillo
411 1788 606 1880 praebentur
619 1788 745 1859 modis.
769 1790 870 1859 Nunc
887 1789 992 1858 Terra
1006 1789 1151 1878 ingemit
1166 1789 1258 1880 quod
1278 1789 1346 1858 sint

286 1940 303 1976 «
320 1913 363 1982 ad
378 1912 542 2002 exiguum
555 1921 692 2005 tempus
703 1940 720 1977 »
737 1912 855 1982 omnia
867 1936 943 2005 quae
958 1913 1079 1984 vivunt
1098 1937 1105 1983 :
1123 1936 1216 1982 nunc
1230 1913 1347 1981 incon-

284 2036 453 2107 sideratus
466 2037 579 2107 Homo
595 2038 686 2108 diem
694 2038 801 2130 carpit
814 2039 993 2128 fugacem:
1009 2060 1103 2106 nunc
1117 2037 1213 2128 adest
1226 2037 1347 2107 Novis·

285 2162 363 2232 simi
381 2161 506 2232 ludicii
520 2171 630 2232 terror
649 2163 832 2255 ipsumque
846 2162 1034 2234 iudicium.
1058 2165 1109 2233 Ne
1133 2162 1249 2232 feralis
1275 2162 1347 2253 qui-

283 2287 362 2358 dem
377 2287 521 2370 Saltatio
535 2287 714 2357 omittitur.
742 2289 868 2360 Vivida
882 2288 1000 2358 omnia
1026 2297 1061 2358 et
1082 2310 1159 2379 quae
1182 2288 1284 2380 plane
1304 2286 1345 2356 ab

282 2411 420 2481 inficeto
443 2411 594 2481 auetoris
619 2412 810 2483 eruditione
838 2412 1033 2505 discrepant
1061 2435 1168 2505 quum
1187 2413 1223 2481 in
1250 2411 1345 2480 Prae-

236 2608 240 2616 ,
283 2534 452 2604 lationum
468 2533 554 2603 libro
570 2535 611 2604 de
633 2535 744 2605 Morte
766 2536 860 2606 haud
886 2535 994 2605 semel
1017 2535 1184 2627 loquitur.
1208 2536 1263 2606 Ad
1277 2536 1344 2606 hoc

211 2679 212 2682 ’
283 2660 440 2729 miranda
486 2660 691 2751 spectacula.
742 2661 864 2731 Subito
911 2662 1005 2731 enim
1044 2651 1195 2730 inferna'
1214 2668 1344 2752 patent,

285 2787 581 2878 ostendunturque
608 2787 698 2857 inter
729 2788 886 2859 flammas
920 2788 1142 2860 stridentibus
1185 2787 1345 2858 dentibus

338 3090 363 3145 1.
383 3089 399 3144 J
402 3107 446 3146 am
460 3089 623 3146 dictumest
637 3089 671 3145 de
683 3090 888 3151 Morclitotibctc
900 3111 962 3166 quaa
976 3095 1007 3150 in
1025 3094 1183 3150 Navarrico
1198 3092 1348 3166 gymnasio

283 3195 353 3244 actae
364 3189 481 3243 luerunt
495 3190 580 3244 annis
598 3186 667 3243 1426
677 3195 706 3244 et
720 3187 799 3247 1431.
816 3189 957 3248 Caeterum
970 3191 1144 3250 Moralitctec
1153 3210 1212 3248 non
1221 3193 1348 3265 primum

284 3306 302 3344 a
315 3287 505 3343 Bazochianis
518 3289 649 3343 inventas
663 3289 755 3344 fuisse
773 3290 823 3344 sed
848 3309 884 3346 ex
902 3292 1046 3365 Hysterit'e
1060 3292 1204 3364 origlnem
1223 3292 1349 3347 traxisse

284 3385 358 3441 mihi
372 3392 542 3457 argumento
553 3387 609 3440 erit
621 3386 769 3445 Metelites
792 3389 838 3444 eui
858 3391 962 3445 titulus
984 3396 1047 3445 est:
1063 3411 1077 3444 c
1094 3391 1224 3448 l'llomme
1233 3390 1350 3463 picbeur

282 3503 338 3558 per
347 3486 521 3560 percoaaipec
531 3487 596 3560 joae
609 3485 628 3543 ὰ
642 3487 740 3544 Teura
756 3487 959 3548 G'cstctcocoir
968 3491 996 3546 ta
1012 3489 1097 3547 Terre
1107 3490 1164 3547 ctls
1177 3490 1286 3554 Limon,
1296 3496 1364 3548 eta·

287 3581 389 3655 (1494).
402 3583 568 3656 Mystcre'am
581 3585 658 3640 enim
670 3584 706 3639 ab
718 3584 829 3640 editore
843 3594 972 3644 vocatur.
997 3588 1098 3642 Insunt
1107 3591 1170 3658 ejus
1183 3584 1304 3660 prologo
1319 3594 1351 3642 ut

286 3679 319 3734 in
332 3679 474 3751 Mystert'is
494 3680 587 3736 latina
601 3683 689 3742 rerba
701 3699 737 3737 ex
750 3684 842 3739 sacris
854 3683 940 3740 libris
950 3692 1084 3759 excerpta
1102 3705 1116 3740 c
1129 3687 1265 3742 formavit
1275 3687 1350 3741 Deus

286 3775 477 3833 hominemde
488 3777 559 3834 limo
574 3784 666 3836 terrea.
683 3801 696 3835 a
717 3775 798 3838 Vivit
815 3787 875 3838 tota
888 3782 998 3848 fabula,
1015 3784 1146 3856 quamvis
1165 3783 1351 3856 generalibus

285 3877 452 3931 notionibus
464 3895 517 3949 pro
530 3878 662 3950 personis
682 3886 792 3947 utatur,
805 3887 834 3936 et
848 3899 882 3936 aa
894 3889 938 3937 est
952 3900 1015 3955 quaa
1034 3883 1114 3955 apio
1128 3875 1191 3938 viro
1213 3887 1245 3938 ut
1258 3883 1350 3937 futuri

285 3981 351 4048 post
364 3982 485 4032 mortem
496 3978 602 4048 judicii
616 3985 723 4036 metum
734 3981 877 4037 incuteret
887 3984 995 4056 scripta
1003 3983 1142 4040 videatur.
1156 3983 1246 4049 Quam
1263 3984 1352 4038 liben-

286 4081 331 4128 ter
341 4073 417 4129 libro
426 4076 476 4147 qui
487 4096 500 4129 a
513 4077 653 4149 Pilprt‘m's
657 4096 785 4154 procrees
794 4101 809 4138 u
824 4082 996 4138 inscribitur
1004 4085 1176 4150 conferrem,
1187 4102 1204 4139 a
1214 4084 1351 4156 Bunyano

287 4173 464 4230 viridissime
479 4174 624 4233 delineata
638 4197 646 4234 :
662 4196 724 4252 quaa
734 4181 862 4258 despecta
873 4199 950 4239 nunc
963 4184 1050 4240 etiam
1065 4183 1140 4259 apud
1154 4188 1349 4258 protestantes

288 4272 379 4328 multa
391 4275 487 4346 gratia
498 4275 583 4331 valet.
