3142 5066
636 539 814 606 ..55-

190 703 295 794 hujus
324 699 462 792 Epicuri
492 699 622 768 scelera
645 723 720 791 quae
754 723 825 770 non
854 721 973 768 omnes
1004 722 1104 769 aures
1142 703 1260 772 audire

190 835 332 916 queant,
372 824 529 915 quemvis
560 824 856 908 scholasticorum,
896 834 1159 916 preceptorum,
1194 849 1258 895 nec

189 973 259 1018 non
272 948 490 1016 sacerdotum
506 947 672 1016 concione
688 949 899 1017 audirentur.

192 1114 339 1172 Dccmon.
357 1110 504 1186 Quisquis
521 1127 565 1182 es,
582 1110 708 1170 indutus
721 1110 813 1170 niveo
830 1111 882 1189 qui
901 1110 1009 1188 pergis
1022 1112 1147 1186 amictu,

191 1220 273 1278 Siste
296 1219 426 1294 gradum
440 1217 653 1294 reprimasque
669 1219 791 1294 pedem,
807 1236 845 1276 ue
862 1219 1012 1277 accedere
1033 1236 1146 1296 pergas
1231 1263 1234 1270 .

192 1327 240 1385 Νε
256 1325 384 1402 propius
400 1321 506 1381 forsan
520 1323 628 1399 pigeat
642 1324 777 1384 venisse.
794 1357 829 1367 -
844 1324 933 1400 Any.
951 1324 1094 1385 Recedas

188 1431 299 1490 Beliua
314 1428 460 1489 tartareis
480 1430 610 1488 veniens
625 1428 738 1489 emissa
755 1430 909 1491 cavernis.

191 1569 228 1582 -
243 1536 284 1594 At
297 1542 331 1595 tu
347 1534 477 1609 caelesti,
493 1553 659 1612 properes,
676 1536 727 1613 qui
743 1535 878 1596 mitteris
892 1534 974 1596 aula.

192 1676 229 1688 -
246 1643 326 1714 Quid
341 1641 423 1720 petis
438 1643 508 1702 hiet
522 1676 562 1686 —
575 1643 704 1721 Epicuri
718 1642 864 1704 animam.
878 1672 915 1688 -·
928 1641 1074 1704 Violenta
1087 1644 1217 1704 recedas

192 1747 314 1820 Bellus,
329 1748 380 1807 vel
394 1748 513 1824 justum
530 1750 610 1826 quod
625 1749 707 1809 inest
720 1749 865 1826 utrinque
883 1755 1023 1826 geratur.

193 1855 345 1914 Ostendes
361 1854 491 1914 sceleris
506 1855 652 1931 quidnam
668 1855 872 1916 commiserit.
891 1889 929 1900 -
944 1858 1032 1916 Atto

193 1961 346 2020 Ostendes
362 1961 491 2038 dignum
509 1962 582 2038 quid
594 1961 687 2021 laude
703 1963 865 2039 peregerit
881 1962 965 2024 oiim.

192 2111 233 2180 In
252 2111 431 2200 utriusque
443 2133 548 2180 manu
559 2111 645 2180 liber
660 2120 726 2178 est.

193 2272 235 2332 A.
252 2306 290 2317 -
305 2272 488 2332 Multotiens
502 2271 628 2350 inopem
644 2273 776 2332 nummis
791 2272 924 2333 nutrivit
938 2281 1094 2349 egentem.

192 2380 234 2440 D.
252 2379 421 2456 Sacrilegis
436 2381 577 2439 manibus
593 2379 720 2440 deciens
736 2380 866 2440 delubra
882 2381 1011 2440 deorum

192 2489 341 2567 Diripuit.
357 2487 523 2547 -Decies
540 2488 692 2547 mendicis
711 2489 844 2548 contulit
860 2507 981 2550 aurum.

193 2629 230 2643 -
245 2596 402 2656 Undecies
419 2595 518 2656 voluit
533 2602 653 2672 patrem
662 2596 812 2672 jugulare
827 2615 961 2656 veneno,

194 2737 232 2748 -
246 2701 428 2764 Multetiens
441 2721 540 2761 vacuo
556 2703 657 2763 tenuit
666 2702 791 2780 jejunia
807 2709 931 2763 ventre.

192 2811 358 2870 —Ebrius
374 2808 522 2869 undecies
538 2810 700 2886 propriam
718 2816 862 2888 stuprare
877 2827 1017 2870 sororem

192 2919 263 2978 Non
277 2918 391 2979 timuit.
405 2951 443 2962 -
458 2917 583 2981 Falsum
607 2923 664 2990 est,
684 2919 854 2982 saevissima
869 2918 985 2978 bellua.
1004 2951 1042 2964 -
1059 2919 1176 2979 Verum
1194 2925 1256 3002 est,

194 3024 328 3102 Angele,
346 3023 521 3101 conspicias
537 3025 654 3084 uostris
670 3024 824 3102 inscripta
839 3026 967 3103 papyris

193 3134 269 3194 Haec
285 3133 479 3192 documenta.
496 3130 608 3190 Fidem
622 3132 791 3208 perhibent
795 3177 937 3194 .....

198 3283 338 3302 .....
362 3240 403 3299 Α.
419 3238 552 3299 Obstare
567 3238 731 3314 nequirem

197 3347 297 3412 Quum
313 3344 468 3406 scelerum
483 3362 632 3403 uumerus
648 3345 801 3404 virtutum
814 3345 920 3404 vincat
933 3361 1076 3406 acervos

196 3455 284 3514 Hanc
300 3453 431 3512 animam
446 3451 563 3529 rapias.
587 3485 626 3496 -—
641 3452 797 3525 Procede,
816 3450 1003 3524 miserrima,
1017 3467 1116 3528 perge

197 3560 232 3619 In
247 3559 405 3631 tenebras,
421 3557 551 3631 luctum,
565 3557 731 3635 lacrymas,
746 3564 913 3632 tormenta,
929 3557 1086 3630 colubros,

98 3733 101 3742 ,
195 3666 243 3726 Ad
258 3664 368 3738 furias,
383 3671 555 3741 testumque
572 3664 769 3741 hiememque
785 3663 930 3741 sitimque
942 3664 1117 3741 famemque

196 3773 244 3832 Ad
259 3771 375 3845 furcas,
390 3771 532 3849 laqueos,
550 3771 719 3832 stridorem
734 3772 884 3846 dentium,
898 3772 936 3830 ad
950 3773 1052 3848 ignes.

197 3880 376 3956 Epicurus.
391 3877 449 3950 Ve,
466 3895 517 3951 νε,
533 3896 584 3950 νε,
598 3896 650 3951 νε,
661 3896 713 3950 νε,
731 3896 782 3950 νε,
797 3896 848 3950 νε,
862 3896 913 3950 νε,
927 3895 966 3936 νε
981 3877 1070 3953 mibi,
1082 3895 1134 3952 ve,
1148 3893 1198 3936 νε.

336 3986 392 4047 Vae
405 3985 497 4044 matri
509 4003 576 4062 quoe
592 4003 640 4043 me
655 3984 793 4064 peperit,
807 3990 869 4045 etc.

196 4235 197 4238 Ἴ
263 4151 346 4220 Haec
357 4158 437 4218 sunt
447 4149 576 4219 Revisii
587 4149 644 4240 (ne
654 4149 752 4241 plura
762 4148 995 4241 nequidquam
1005 4147 1263 4240 efferem)secra

199 4273 362 4358 dramate,
379 4273 415 4342 in
431 4272 553 4364 quihus
569 4273 648 4343 licet
665 4273 873 4350 Gallicorum
892 4281 1174 4364 argumentorum
1199 4269 1263 4340 cli·

1154 4403 1171 4454 d
