3142 5066
729 430 909 497 ...12-

352 594 474 666 Sciunt
501 602 616 664 tamen
650 593 852 664 eruditiores
880 567 1044 665 homines
1070 605 1241 684 nostrum,
1270 599 1350 670 licet

284 723 428 796 Erasmo
447 719 674 812 incognitum,
692 719 781 788 inter
801 741 859 789 eos
886 720 994 790 fuisse
1020 721 1079 816 qui
1104 724 1239 793 Erasmi
1258 733 1348 793 tem-

285 847 426 942 poribus
468 847 581 917 oonati
613 854 695 914 sunt
728 846 818 938 apud
853 847 968 917 Gallos
997 874 1014 912 «
1045 849 1174 942 aliquid
1195 850 1348 920 melioris

284 974 483 1046 litteraturae
508 971 709 1058 invehere¹3
736 999 753 1036 a
786 973 1026 1065 eumdemque,
1043 979 1112 1067 'pro
1126 983 1222 1067 parte
1241 975 1345 1062 virili,

285 1099 498 1171 scholasticis
525 1098 649 1193 quibus
672 1099 887 1168 bibliothecas
915 1100 1057 1169 deerant
1077 1101 1263 1193 praebuisse
1292 1101 1348 1171 in·

219 1283 220 1286 ,
284 1238 425 1321 gentem
440 1237 477 1298 ut
498 1229 547 1298 ita
566 1229 690 1313 dicam,
712 1227 933 1320 antiquarum
948 1252 1066 1299 rerum
1086 1231 1345 1322 supellectilem,

283 1360 319 1428 in
332 1359 419 1428 libro
437 1358 496 1450 qui
516 1360 643 1448 Officiao
662 1357 877 1444 inscribitur,
900 1359 944 1430 ad
967 1357 1196 1431 imitationem
1218 1359 1347 1429 Philal-

283 1484 342 1578 phi
363 1483 500 1575 scripto.
524 1482 599 1553 Hoc
620 1482 720 1552 titulo
743 1482 903 1552 laudatur
925 1483 1086 1554 Revisius
1107 1483 1348 1576 aquibusdam

285 1587 1346 1701 quiauteumfortassenunquamlegerunt(sioutCreverius²

286 1722 768 1826 cujusclementiorsententia
779 1733 820 1802 de
834 1733 955 1818 nostri,
966 1741 1004 1801 ut
1013 1733 1072 1818 ait,
1085 1733 1266 1803 emendato
1282 1733 1346 1802 ele-

284 1859 447 1950 gantique
475 1880 633 1927 sermone
659 1880 680 1926 a
706 1857 866 1929 Vitarum
897 1856 1119 1949 scriptoribus
1149 1859 1248 1950 quasi
1277 1860 1372 1931 dic-v

286 1991 354 2051 tata
368 1982 576 2072 recantatur)
597 1989 656 2050 aut
680 1981 710 2049 si
730 1981 889 2072 legerunt
903 1982 1051 2052 faotione
1070 1984 1219 2073 quadam
1237 1987 1345 2055 extol-

283 2109 371 2192 lunt,
405 2107 493 2179 sicut
518 2106 696 2176 Launoius
723 2105 782 2198 qui
815 2107 998 2176 Textorem
1023 2108 1195 2197 augendo,
1222 2117 1255 2177 et
1278 2109 1344 2200 ipsi

282 2234 463 2306 Navarraeo
497 2231 677 2324 gymnasio
715 2233 814 2322 cujus
843 2230 959 2300 scribit
982 2232 1175 2317 historiam,
1217 2235 1342 2305 favete

284 2357 432 2441 Quidam
446 2365 564 2426 contra
577 2356 682 2449 hujus
697 2356 805 2426 aetatis
828 2356 1032 2446 ignorantiae
1047 2357 1143 2428 obliti
1163 2346 1345 2430 Tertorem

283 2490 520 2567 contemnunt,
538 2503 686 2573 quorum
698 2503 843 2550 numero
854 2484 898 2550 Lo
912 2483 1087 2571 Moocoyel
1111 2481 1166 2552 cui
1190 2483 1219 2552 si
1235 2485 1344 2556 credis

285 2634 301 2672 a
319 2630 497 2700 nunquam
510 2607 671 2678 Ravisius
687 2605 776 2676 inte'r
791 2606 900 2677 bonos
916 2607 1100 2699 scriptores
1110 2611 1345 2682 numerandus

281 2734 359 2819 fuit,
388 2736 486 2825 cujus
514 2733 673 2824 operibus
702 2733 799 2825 quasi
828 2733 1040 2824 sepulturam
1066 2735 1193 2826 praebet
1214 2737 1346 2826 perexi-

282 2881 431 2948 guorum
443 2858 667 2950 collegiorum
691 2880 730 2927 ac
745 2877 932 2928 vacuarum
945 2859 1165 2929 tabernarum
1179 2860 1304 2951 pulvis.
1323 2889 1340 2926 a

282 2982 566 3052 Consideratioris
592 2990 682 3052 certe
702 2982 826 3076 judicii
840 2983 1034 3052 Hallamius
1053 3005 1060 3052 :
1078 2991 1236 3053 nostrum
1250 2985 1343 3055 enim

279 3106 455 3177 mentione
482 3108 631 3199 quadam
658 3107 820 3198 dignatus
854 3114 918 3191 est,
951 3116 990 3175 ut
1015 3107 1056 3178 de
1085 3107 1201 3178 latinis
1220 3108 1341 3179 litteris

281 3233 368 3303 bene
393 3232 567 3318 meritum,
591 3231 912 3324 numerandumque
933 3239 1049 3302 tamen
1073 3233 1245 3304 intereos
1270 3235 1358 3327 qui,

215 3427 219 3436 ,
282 3359 362 3428 licet
394 3358 581 3452 aequalibus
623 3357 696 3426 suis
734 3357 921 3427 maximam
948 3359 1150 3430 navavarint
1190 3383 1341 3454 operam,

336 3539 360 3594 1.
383 3537 496 3594 Erasmi
509 3540 579 3604 vite,
593 3538 713 3594 Erasmo
732 3544 859 3594 auctore.

333 3637 361 3692 2.
382 3636 504 3692 Histoire
518 3636 550 3692 de
562 3635 738 3694 l'Uoiocraiti
753 3637 785 3692 de
795 3635 890 3700 Poris,
903 3641 923 3691 t.
939 3637 989 3702 lV,
1002 3655 1030 3709 p.
1046 3636 1108 3692 443.

333 3734 361 3791 3.
380 3734 768 3806 Leunoius,RapiiNaaorroe
773 3733 908 3807 pymooaii
913 3734 1076 3807 parisiensis
1085 3735 1221 3802 Historia,
1227 3753 1298 3810 pars
1308 3738 1342 3802 ll,

280 3851 341 3905 cap.
356 3851 395 3898 rx,
410 3852 437 3906 p.
450 3832 511 3888 644.
534 3831 648 3888 -Fuit
662 3851 774 3906 quoque
796 3835 895 3906 magni
916 3835 1042 3890 nominis
1058 3836 1133 3908 apud
1153 3837 1252 3900 Italos,
1270 3844 1344 3892 teste

280 3930 395 3996 titillari,
415 3931 462 3985 cui
476 3931 501 3984 si
514 3930 617 3994 credis,
638 3948 712 3986 anno
728 3929 796 3985 1633
806 3933 955 3995 scribenti,
970 3931 1081 4004 officiata
1092 3939 1119 3986 'c
1134 3951 1169 3989 va
1191 3937 1344 3991 continua-

280 4035 374 4083 mente
394 4047 447 4100 per
459 4029 486 4083 la
501 4030 580 4083 mani
596 4029 638 4084 da'
660 4029 782 4084 studiosi
808 4030 929 4102 ingagui
942 4048 994 4086 con
1007 4032 1069 4087 loro
1089 4032 1239 4090 indicibile
1254 4036 1343 4089 bene-

282 4128 358 4182 fizio.
375 4147 388 4180 a
405 4127 529 4193 (Teatro,
545 4145 612 4199 pars
628 4128 663 4192 ll,
679 4145 746 4200 pag.
762 4127 834 4196 153.)

275 4247 281 4257 ·
335 4225 362 4282 4.
383 4225 465 4301 Apud
480 4226 595 4292 Baillet,
610 4225 764 4298 leuamenti
776 4227 821 4286 dea
832 4234 953 4292 auocata,
967 4233 987 4287 t.
1002 4227 1036 4298 ll,
1057 4247 1084 4302 p.
1101 4229 1163 4284 264.
