3142 5066
660 518 840 583 ...21-

215 677 326 762 Quid?
340 675 433 768 quod
447 673 529 744 anni
546 674 631 743 11136
656 674 831 764 geminam
850 675 1037 747 editionem
1055 680 1130 750 aliae
1154 693 1279 754 secuta

215 813 308 886 sunt,
330 811 364 872 et
377 799 519 870 Parisiis
535 799 577 870 ah
595 822 686 868 anno
705 801 790 868 1512
810 822 920 892 usque
938 802 981 872 ad
996 826 1126 874 annum
1146 809 1231 878 1609
1247 819 1280 878 61

212 925 671 1008 1161161611611116111161651,
694 946 802 1015 quum
816 947 1007 1017 nunquam,
1032 928 1103 999 sive
1125 929 1162 999 111
1182 940 1278 1001 sexto

214 1052 345 1123 decimo
354 1051 487 1120 saeculo
498 1048 568 1118 sive
582 1057 702 1140 postea
712 1049 803 1117 ullus
818 1049 908 1119 inter
917 1050 1084 1121 librorum
1097 1054 1226 1145 peritos
1242 1056 1279 1126 in

214 1178 358 1249 dubium
368 1177 435 1247 hoc
454 1198 540 1268 opus
556 1174 751 1245 vocaverit?
763 1175 853 1244 Ante
869 1176 997 1262 omnia,
1019 1178 1155 1250 dicendi
1172 1204 1278 1270 gene-

212 1328 263 1389 re,
280 1304 451 1388 sensibus,
474 1301 668 1373 fabularum
692 1301 814 1387 lorma,
839 1325 978 1394 unoque
1003 1305 1106 1375 verbo
1130 1305 1277 1396 singulis

212 1431 316 1500 rebus
334 1451 437 1500 verus
458 1427 586 1499 nostris
609 1426 786 1497 eomoediis
802 1428 895 1497 color
907 1439 1059 1520 apparet.
1081 1433 1161 1502 Non
1175 1432 1277 1502 anxia

215 1554 466 1647 disquisitione,
484 1552 671 1666 dumprodo
693 1553 865 1644 legantur,
895 1577 981 1646 opus
1005 1555 1081 1640 erit,
1104 1565 1143 1625 ut
1166 1557 1277 1649 quinti

214 1679 337 1750 decimi
352 1679 467 1749 saeeuli
483 1679 675 1771 genuinum
690 1679 871 1770 ingenium
894 1689 1114 1771 agnoscatur,
1136 1681 1278 1752 omuino

214 1806 329 1898 dispar
357 1805 500 1890 Vulteii,
529 1804 644 1875 Doleti
673 1814 944 1897 caeterorumque
972 1806 1142 1898 politioris
1169 1807 1278 1878 aetatis

213 1938 395 2022 poetarum
406 1929 634 1999 carminibus:
653 1929 695 1999 de
718 1953 787 2022 quo
808 1953 869 2022 per
883 1953 919 1999 sa
934 1931 1030 2000 brevi
1045 1932 1105 2023 qui
1124 1941 1279 2002 nostram

215 2047 483 2148 disputationem
497 2055 673 2140 evolverit,
686 2055 856 2147 judicium
870 2057 958 2125 ferre
972 2056 1107 2147 poterit.

282 2181 335 2252 Sit
355 2180 462 2270 igitur
483 2179 592 2272 ipsius
615 2179 771 2249 Textoris
795 2157 892 2249 liber.
919 2182 1020 2251 Nunc
1033 2180 1278 2273 requirendum

215 2331 260 2378 an
286 2307 359 2376 haeo
388 2305 555 2398 opuscula
584 2304 708 2397 quibus
738 2304 885 2397 simplex
913 2283 1138 2396 Dialogorum
1158 2306 1279 2376 titulus

213 2430 412 2501 inscribitur
442 2453 562 2522 reapse
587 2430 623 2498 in
643 2451 782 2498 scenam
807 2430 919 2500 delata
947 2430 1028 2500 sint.
1062 2431 1278 2521 Argumento

213 2555 314 2625 nobis
328 2555 392 2624 erit
404 2577 518 2646 neque
534 2555 636 2625 latius
651 2576 836 2623 excurrens
849 2555 1040 2625 multorum
1060 2556 1279 2647 dialogorum

214 2680 415 2773 amplitudo,
430 2670 542 2772 neque
558 2679 743 2749 dramatico
761 2678 904 2770 species,
921 2702 985 2748 1166
996 2701 1124 2748 nomen
1139 2680 1278 2771 quidem

214 2804 390 2875 comoedia
403 2805 444 2874 ab
469 2813 607 2875 auctore
621 2803 750 2896 passim
762 2803 978 2895 inscriptum.
997 2803 1187 2896 Majoribus
1206 2812 1277 2872 tes-

214 2930 367 3000 timoniis
389 2930 440 2999 uti
458 2930 549 2999 licet.
572 2958 588 2994 «
604 2931 821 3022 Spectatores
834 2957 851 2993 u
867 2929 961 2998 enirn
980 2939 1110 3014 auctor,
1129 2929 1192 2998 sub
1207 2929 1277 2997 fine

215 3056 382 3147 cujusque
397 3055 525 3147 dialogi
547 3054 628 3147 quid
651 3045 791 3124 moneat
809 3054 924 3125 fabula
945 3055 1056 3124 docet.
1080 3052 1276 3146 Aliquando

215 3183 259 3253 ad
275 3182 416 3251 eosdem
430 3188 637 3272 spectatores
653 3179 794 3251 alludit:

315 3382 434 3444 Thraso
449 3381 642 3455 recedamus,
660 3380 805 3458 quoniam
818 3379 924 3440 brevis
939 3381 1017 3442 hora
1033 3381 1166 3442 recedit.

357 3489 511 3549 Contenta
526 3493 573 3547 661
586 3487 703 3548 nostris
715 3493 781 3548 tota
796 3494 922 3550 caterva
939 3486 1050 3565 jocis¹.

280 3673 450 3746 Praeterea
465 3698 484 3744 6
498 3674 704 3767 quibusdam
717 3674 802 3744 locis
815 3673 930 3763 colligi
943 3682 1057 3766 potest
1070 3674 1134 3744 has
1153 3698 1279 3745 oomoe·

214 3797 287 3870 dias
298 3823 369 3869 non
384 3801 497 3869 solum
512 3822 627 3870 coram
646 3798 858 3869 scholasticis
874 3800 934 3869 sed
953 3800 1109 3870 adstante
1123 3800 1277 3870 virorum

214 3926 379 4018 dignitate
407 3926 598 4019 insignium
625 3926 818 4018 frequentia
848 3934 941 3996 actas
967 3926 1087 3996 fuisse.
1110 3925 1276 4017 Legimus

214 4051 306 4122 enim
328 4052 392 4122 sub
420 4053 489 4122 fine
517 4055 742 4142 Contemplatio
765 4055 907 4122 Maedi:
934 4052 1065 4124 rNunc
1090 4075 1134 4121 ne
1161 4051 1275 4121 verbis

269 4299 295 4357 1.
316 4301 348 4360 F.
362 4299 422 4358 184.
