3142 5066
657 614 814 682 ...9-

126 839 129 846 ·
206 791 418 879 affectusque
440 791 685 878 permanerent
712 782 896 874 incipiente
918 789 1033 853 tamen
1049 785 1268 878 antiquarum

205 923 398 992 litterarum
422 919 672 1001 Renovaticne,
704 940 754 988 eae
771 925 853 987 sunt
867 916 1020 986 ineuntis
1039 920 1126 989 sexti
1143 923 1267 993 decimi

206 1056 324 1126 saeculi
338 1055 453 1124 latina
478 1053 569 1146 apud
584 1053 699 1123 Gallos
715 1051 903 1139 ccmoediae,
920 1051 1098 1144 inquibus
1114 1055 1267 1129 diverse-

205 1215 284 1261 rum
302 1199 508 1283 tempcrum‚
531 1189 566 1259 id
592 1196 643 1258 est
663 1187 852 1259 desinentis
868 1197 970 1280 atque
986 1191 1172 1279 nascentia,
1188 1194 1269 1262 mis·

207 1333 323 1396 ceatur
336 1325 517 1415 ingenium
530 1347 538 1396 :
551 1324 696 1414 dignum
715 1324 803 1393 forte
818 1324 1052 1415 spectaculum
1074 1326 1129 1395 cui
1156 1336 1267 1399 atten-

206 1459 318 1530 datur.

270 1592 555 1664 Perinccmmode
581 1599 696 1661 autem
724 1590 847 1661 accidit
876 1599 914 1660 ut
937 1591 1031 1661 fluxa
1062 1594 1265 1687 plerumque

204 1727 417 1798 fuerinthaec
431 1750 548 1820 opera,
565 1727 636 1798 sive
647 1736 725 1818 post
740 1728 942 1798 ludcsactos
958 1738 1139 1799 auctorum
1154 1731 1267 1824 negli-

205 1862 322 1954 gentia
350 1863 563 1950 evanuerint,
596 1863 667 1932 sive
696 1863 914 1955 sequentium
946 1887 1117 1935 annorum
1149 1865 1264 1937 hemi·

201 1998 316 2084 nibus,
340 2007 458 2092 utpote
476 2021 699 2069 romanarum
727 1999 977 2091 elegantiarum
1000 2001 1262 2088 amantiorihus,

199 2133 344 2204 barbara
365 2157 404 2204 ac
431 2142 630 2225 contemptu
651 2134 756 2223 digna
783 2133 858 2204 visa
886 2134 979 2205 sint:
1001 2135 1050 2205 ita
1077 2146 1116 2206 ut
1137 2137 1264 2208 horum

199 2300 308 2369 pauca
333 2279 520 2369 eademque
534 2277 649 2347 solum
661 2300 767 2345 manu
785 2276 910 2369 scripta
924 2298 1104 2368 superesse
1118 2279 1263 2351 videan-

201 2419 269 2496 tur,
300 2433 376 2502 quae
410 2410 533 2481 studiis
566 2433 638 2481 non
666 2409 757 2479 satis¹
778 2410 926 2502 amplam
963 2410 1143 2482 materiem
1171 2437 1261 2506 prae-

200 2542 316 2614 beant.

266 2681 396 2749 Rarum
423 2677 529 2768 igitur
557 2686 662 2770 atque
688 2677 877 2770 optandum
903 2678 932 2747 si
957 2679 1093 2750 favente
1122 2682 1261 2753 fortuna
1303 2689 1305 2694 ’

200 2815 358 2909 quaedam
384 2814 491 2908 hujus
515 2813 626 2884 aetatis
649 2813 825 2884 comoediae
841 2822 983 2884 servatae
998 2815 1156 2886 fuissent.
1184 2819 1252 2888 Ex-

200 2960 292 3021 stant
320 2960 436 3022 autem
463 2951 567 3020 unius
592 2949 741 3021 auctoris
771 2920 921 3042 quinque
961 2959 995 3020 et
1021 2951 1144 3041 viginti
1180 2954 1258 3023 dra-

198 3093 302 3172 mata,
324 3108 367 3155 ex
384 3107 475 3156 anno
492 3083 625 3155 circiter
641 3086 726 3154 1500
746 3105 855 3175 usque
870 3083 913 3152 ad
925 3105 1056 3153 annum
1072 3088 1157 3156 1520
1169 3095 1256 3173 acta,

196 3219 300 3312 idque
328 3219 365 3289 in
404 3219 584 3312 gymnasie
613 3220 786 3302 Navarra,
833 3216 926 3309 quod
959 3219 1002 3288 ad
1036 3220 1258 3290 scholasticas

199 3355 385 3427 ccmoedias
400 3356 559 3448 pertinet,
580 3354 774 3426 notissime.
805 3349 950 3423 Varium
977 3361 1029 3421 est
1051 3353 1178 3423 herum
1198 3377 1259 3444 ge·

197 3511 289 3560 nus:
309 3491 399 3561 inter
432 3513 509 3583 quae
536 3491 711 3581 religiosa,
743 3486 889 3569 satirica,
920 3487 1063 3572 comica,
1094 3487 1259 3558 historica

196 3633 435 3697 numerantur.
451 3626 537 3709 Quo
565 3624 678 3716 magis
690 3623 838 3710 mireris,
865 3650 937 3698 ncn
959 3625 996 3694 in
1020 3621 1258 3715 chirographis

195 3763 382 3848 latuerunt,
397 3759 575 3831 sedetiam
589 3767 691 3851 atque
708 3759 811 3828 etiam
830 3783 940 3853 usque
956 3759 999 3829 ad
1011 3756 1164 3827 medium
1178 3779 1257 3848 sep·

197 3899 321 3968 timum
344 3897 510 3967 saeculum
526 3895 615 3988 typis
631 3895 818 3964 mandatus
834 3894 937 3964 estin
952 3917 1019 3986 quc
1037 3893 1257 3963 continentur

194 4031 292 4116 liber,
327 4029 386 4123 qui
415 4030 531 4100 neseio
562 4052 629 4121 quo
655 4028 759 4099 modo
788 4028 830 4098 de
854 4052 892 4098 re
918 4027 1055 4098 scenica
1073 4024 1256 4116 scriptores

193 4165 312 4234 fallere
326 4165 487 4256 potuerit.
500 4165 632 4239 Verum
647 4174 700 4235 est
719 4165 800 4234 huie
810 4162 897 4234 libro
914 4187 984 4233 non
1001 4158 1257 4231 Gomoediarum

196 4298 256 4370 sed
278 4297 505 4389 Dialogcrum
528 4323 656 4370 nomen
676 4299 885 4391 suscriptum
901 4319 989 4382 esse,
1007 4303 1041 4365 at
1056 4293 1133 4388 quis
1148 4291 1259 4361 nescit

193 4432 230 4501 in
256 4433 371 4504 Media
402 4435 522 4513 AEtate
544 4456 783 4527 saepenumero
808 4441 842 4503 et
871 4431 995 4524 gallica
1010 4430 1164 4502 dramata
1192 4425 1256 4496 sub
