3142 5066
667 518 846 586 ,47-

226 674 395 758 meminit,
413 681 515 765 atque
528 673 595 743 alio
615 673 651 742 in
665 675 741 745 loeo
757 675 933 761 Helenae¹;
955 685 989 745 at
1001 678 1127 747 Textor
1150 688 1183 748 et
1205 681 1291 772 pris-

229 822 346 870 earum
355 797 574 867 meretricum
589 806 622 866 et
637 800 792 890 ejusdem
804 800 959 885 Helenae,
972 804 1071 893 eujus
1092 807 1288 898 exemplum

227 927 468 1020 pervulgatum
488 933 571 994 erat.
594 925 685 1008 Quid
704 926 745 995 de
762 926 885 997 Garelo
911 927 1153 1013 Aurelianensi
1179 931 1292 1002 dieam

231 1051 290 1144 qui
308 1049 497 1142 Chryseidi,
514 1050 654 1118 Helenae
680 1051 823 1142 aliisque
842 1075 1005 1144 magnam
1028 1055 1136 1126 fuisse
1162 1058 1290 1128 famam

229 1177 345 1259 refert,
363 1196 448 1266 quas
467 1181 584 1244 tamen
598 1175 828 1245 ineluctabilis
840 1179 934 1248 Mors
948 1181 1145 1270 rapuerit²i
1157 1183 1290 1253 Verisi-

227 1301 308 1370 mile
324 1309 376 1370 est
386 1308 485 1369 vetus
499 1299 670 1370 exstitisse
681 1324 830 1387 carmen,
840 1303 1055 1393 quodtamen
1066 1306 1291 1376 dramaticum

224 1425 332 1495 fuisse
360 1448 431 1494 non
450 1423 563 1494 ausim
591 1446 798 1508 asseverare,
815 1427 974 1518 quodque
999 1429 1170 1500 eruditae
1195 1433 1289 1501 fonte

225 1573 332 1642 quum
350 1556 518 1633 manaret,
540 1570 760 1618 communem
786 1541 950 1620 haustum
981 1553 1124 1640 Villeni,
1159 1554 1282 1626 Carelo

222 1674 464 1745 Aurelianensi
480 1697 519 1743 ae
538 1675 686 1766 denique
701 1676 839 1746 Ravisio
855 1677 1052 1769 praebuerit.

288 1802 359 1872 Alii
373 1801 520 1874 Villenis
535 1823 655 1870 versus
669 1802 793 1870 merite
807 1802 1001 1888 laudantur,
1016 1803 1058 1902 de
1079 1803 1184 1874 calvis
1209 1827 1290 1896 quae

223 1927 262 1997 in
283 1926 423 1998 ossariis
441 1925 683 1995 Innocentium
696 1935 861 2015 congesta
875 1928 1096 2018 apparebant.

288 2053 329 2120 In
362 2051 484 2141 Sergio
510 2058 626 2119 autem
645 2050 828 2138 Reuehlini
850 2050 972 2121 similis
987 2053 1148 2122 materiei
1168 2075 1290 2122 versus

223 2176 309 2247 mihi
323 2184 518 2260 oeeurrunt,
530 2175 589 2246 ubi
602 2175 716 2268 agitur
726 2175 767 2245 de
776 2176 923 2247 calvario
932 2178 1115 2271 eujusdam
1124 2186 1287 2270 apostatae

223 2302 401 2373 monaehi.

322 2499 446 2564 Videtis
460 2499 540 2560 hane
553 2497 683 2574 calvam,
696 2497 931 2574 recalvastram,
948 2471 1054 2561 cavam

366 2607 407 2666 Et
418 2623 540 2666 osseam
553 2622 588 2665 ac
604 2611 773 2666 testaceam

226 2783 457 2880 praeinventa
472 2797 578 2856 estut
596 2789 643 2858 ait
725 2813 726 2818 ¹

365 2991 402 3052 In
417 2991 572 3051 eraniario
587 2991 671 3052 inter
685 3008 755 3052 ossa
770 2993 897 3070 putrida

365 3099 428 3159 Ubi
440 3101 555 3160 cubant
565 3106 627 3160 tam
647 3100 760 3160 divites
775 3119 865 3178 quam
878 3119 1047 3180 pauperes.

292 3289 367 3358 Hoe
388 3297 500 3380 eaput,
523 3289 771 3380 qnodmagieis
796 3291 1002 3381 quibusdam
1021 3292 1151 3364 artibus
1179 3292 1290 3362 aehn-

225 3411 361 3483 lonihus
375 3413 478 3499 favet,
497 3413 671 3484 oseulatur
684 3415 811 3484 nebulo
827 3437 834 3484 :

603 3619 747 3679 Oseulari
760 3620 895 3680 desinis?

223 3747 227 3753 ·
328 3758 365 3772 —
380 3726 555 3788 Exosculor
570 3727 642 3804 qnia
656 3727 728 3786 leno
745 3744 823 3788 sum.
841 3727 934 3787 Salve
950 3733 1055 3806 eaput,

327 3834 351 3893 0
366 3839 459 3912 eaput
472 3833 572 3894 omnis
583 3833 734 3908 lasciviae,
752 3839 846 3911 eaput
856 3833 947 3907 laeve,

276 4036 299 4086 1.
519 4037 553 4087 Et
565 4041 672 4088 mourut
683 4037 759 4086 Paris
774 4041 801 4088 et
816 4037 925 4099 Helene,
944 4043 995 4090 etc.

267 4126 292 4177 2.
487 4126 529 4176 Au
544 4125 606 4174 vieil
621 4130 716 4191 temps,
730 4126 815 4190 grand
828 4142 921 4178 ranem
936 4128 1041 4180 eouroit

491 4213 529 4264 De
546 4213 674 4278 Chrysam,
691 4214 797 4265 d’Iseult
810 4218 836 4265 et
851 4215 1007 4269 d’Helene...

491 4303 531 4356 La
547 4307 617 4354 mort
630 4302 669 4354 les
685 4303 738 4368 prit
753 4304 938 4368 pitensement,
955 4309 1006 4357 ete.
