3142 5066
631 539 809 606 ..71-

188 713 302 786 reunt,
317 699 571 792 honeJuppiter
582 700 589 768 l
602 697 692 782 Quid
707 697 873 766 audiot-
888 697 976 788 Lupi
990 699 1166 768 turmatim
1178 723 1251 790 gre·

190 829 500 921 gemdevorant.-
514 825 607 914 Pape
618 823 701 915 quid
714 823 806 892 istud
821 826 940 891 estt-
954 822 1252 916 Omniapaulatim

191 961 274 1020 eunt
299 973 451 1042 pessum.
476 948 634 1031 -Quid
663 956 771 1037 agunt
800 947 907 1037 igitur
930 947 1038 1016 curati
1068 959 1102 1017 et
1132 949 1251 1019 vicarii

191 1077 321 1146 nostri?
335 1117 378 1128 -—
398 1074 519 1164 Gregis
549 1075 695 1141 salutern
711 1071 810 1140 nihili
839 1071 980 1140 faciunt.
997 1111 1042 1126 —
1056 1073 1252 1144 Praedicant

191 1223 245 1270 nee
262 1201 436 1269 interdum
451 1197 612 1267 audiente
635 1195 763 1288 populo
786 1195 877 1265 viam
893 1197 1026 1266 salutis.
1046 1198 1149 1266 -Et
1172 1197 1254 1290 quid

192 1349 252 1416 per
279 1327 402 1394 Jovem
432 1323 688 1415 praedicarent?
720 1321 942 1391 Elementarii
973 1330 1005 1390 et
1033 1322 1149 1392 idiotae
1174 1333 1255 1392 sunt

192 1472 297 1540 prope
313 1471 446 1518 omnes.
468 1487 513 1500 -
531 1444 772 1515 Elementariil
791 1443 880 1514 serio
893 1444 1045 1536 loqueris
1054 1469 1098 1528 an
1109 1449 1215 1539 joco?
1235 1475 1252 1511 a

260 1575 487 1665 Lacrymante
502 1570 656 1641 Ecclesia
670 1569 867 1640 discurrunt
887 1568 1082 1661 episcopiut
1096 1571 1257 1662 probatos

194 1698 388 1768 sacerdotes
405 1695 592 1767 inveniant.
614 1695 793 1785 Apparent
805 1704 887 1764 tunc
903 1695 1091 1786 hypocritae
1109 1719 1256 1788 quorum

195 1844 304 1891 unus:
325 1820 579 1912 «Omnipotens
594 1819 700 1902 Deus,
716 1825 840 1886 'rerum
867 1817 1098 1888 humanarum
1128 1819 1256 1910 opifex,

194 1969 255 2016 oro
284 1955 317 2015 te
341 1969 402 2038 per
438 1954 586 2014 mortem
617 1942 789 2034 unigeniti
825 1941 885 2010 filii
907 1943 971 2027 tui,
1013 1966 1074 2034 per
1106 1967 1255 2030 crucem,

193 2093 255 2162 per
278 2071 409 2163 plagas,
426 2093 488 2161 per
511 2086 686 2150 coronam,
705 2089 768 2158 per
793 2066 1095 2152 resurrectionem,
1125 2091 1187 2159 per
1201 2091 1258 2137 as-

195 2195 405 2278 censionem,
435 2201 548 2263 averte
578 2192 697 2262 oculos
729 2213 826 2260 meos
845 2190 888 2260 ab
915 2191 1010 2260 omni
1048 2191 1210 2261 vanitate.
1238 2221 1255 2257 »

194 2318 291 2388 Alter
306 2328 438 2390 autem:

495 2445 624 2504 Fratres
638 2442 701 2502 mei
715 2441 878 2517 carissimi,

495 2552 612 2612 Audite
624 2552 756 2609 verbum
769 2549 890 2610 salutis.

493 2658 610 2719 Audite
624 2653 819 2717 dilectissimi

494 2767 635 2828 Verbum
648 2765 776 2842 plenum
790 2761 977 2826 sanctitatis.

262 2933 403 3026 Decepti
416 2931 543 3004 talibus
570 2931 684 3006 verbis
713 2930 864 3023 episcopi
888 2953 975 3023 quos
1001 2931 1130 3002 trustra
1146 2936 1261 3005 stultas

196 3059 370 3144 admonet,
389 3058 587 3151 hypocritas
612 3066 756 3126 onerant
777 3056 978 3126 sacerdotiis
1006 3080 1082 3148 quae
1110 3058 1260 3151 primum

160 3275 162 3279 .
196 3183 233 3251 hi
248 3184 371 3252 nolunt
386 3183 550 3274 accipere.
563 3211 580 3247 α
590 3183 656 3267 Ha,
673 3181 953 3254 reverendissimi
967 3181 1101 3260 Patres,
1121 3183 1209 3254 absit
1223 3195 1263 3255 ut

198 3313 297 3377 cura's
323 3307 532 3377 etheneficia
551 3307 658 3399 (quod
687 3306 824 3397 dicitur)
845 3306 1065 3398 accipiamus.
1083 3308 1262 3380 -Velitis

198 3431 316 3505 nolitis
337 3443 470 3526 oportet
499 3433 660 3525 pareatis.
686 3431 803 3503 Vultis
831 3431 997 3502 obsistere
1012 3433 1183 3503 mandatis
1201 3458 1263 3526 pa-

199 3566 290 3628 trum
308 3567 502 3628 vestrorum
517 3557 773 3650 spiritualium?
785 3596 830 3609 -
845 3557 899 3626 Ha
921 3555 1096 3641 nolumus,
1116 3557 1264 3647 vigilan-

199 3682 321 3752 tissimi
336 3684 468 3753 Patres.
491 3724 535 3735 —
553 3683 707 3775 Accipite
725 3705 808 3774 ergo
824 3681 1017 3751 sacerdotia
1033 3690 1067 3750 ct
1082 3704 1181 3752 curas
1193 3682 1265 3753 ani-

198 3831 334 3904 marum
351 3830 436 3899 quas
446 3809 634 3878 offerimus.
649 3811 722 3898 Ego
731 3817 764 3876 te
774 3806 833 3899 qui
845 3807 956 3899 primo
972 3815 1042 3875 stas
1051 3807 1127 3878 loco
1141 3810 1266 3880 consti-

201 3941 262 4002 tuo
274 3941 431 4002 curatum
445 3933 598 4002 ecclesiae
614 3934 650 4003 S.
667 3931 762 4001 Petri
777 3931 814 4000 in
825 3929 990 4000 Remensi
1006 3930 1159 4018 diocoesi‚
1176 3933 1267 4003 beati

202 4059 430 4129 Theodoherti
456 4058 682 4142 Senonensis,
704 4065 807 4148 atque
827 4079 899 4126 una
921 4057 1163 4127 canonicatum
1181 4059 1267 4128 Mel-

202 4185 343 4254 densem
371 4184 432 4255 tibi
453 4187 605 4256 confero.
632 4225 677 4236 -
704 4183 838 4254 Gratias
853 4205 919 4274 ago
946 4182 1021 4267 tibi,
1050 4184 1267 4256 sanctissime

204 4309 313 4378 Pater.
330 4349 375 4362 -·
389 4311 441 4380 Tu
456 4312 629 4398 secundus
642 4308 857 4380 habacuram
872 4309 908 4378 S.
925 4307 1060 4380 Nicolai
1086 4308 1122 4377 in
1144 4309 1270 4381 Lotha·
1293 4385 1296 4389 ,

1159 4443 1176 4494 o
