3142 5066
719 573 764 592 ..-
786 533 829 608 bi,
854 571 900 592 .-

361 683 436 776 Quee
448 701 525 780 Dea,
541 720 608 782 quee
623 705 710 764 tanto
725 701 973 784 mittissuspiria
987 701 1095 767 luctui
1258 768 1260 772 ,

280 812 437 888 -Terra,
449 827 563 891 parens
578 827 737 872 rerum.-
746 811 827 883 Quid
840 812 966 872 flesi-
977 813 1057 885 Quid
1067 812 1180 894 lugeat
1192 813 1341 896 Nunquid

277 923 297 983 J
300 927 367 982 usta
382 923 473 981 datur
486 920 579 982 matri
591 920 716 981 misereo
732 920 938 998 querimonia,
956 927 1046 982 natos

277 1029 358 1090 Dum
374 1029 461 1088 videt
475 1029 596 1088 incerto
610 1027 742 1088 miseros
755 1029 959 1089 succumbere
980 1027 1064 1091 fatet

280 1179 421 1198 .....
444 1137 511 1212 Ego
527 1134 600 1212 quid
614 1152 715 1213 agam,
730 1134 758 1194 si
772 1135 922 1212 quidquid
935 1135 1075 1214 profero,
1092 1137 1241 1216 quidquid

277 1243 428 1316 Procreo,
446 1241 596 1320 quidquid
613 1241 675 1316 alo,
692 1242 841 1320 quidquid
858 1261 946 1320 gero,
964 1244 1114 1322 quidquid
1127 1245 1160 1306 in
1174 1264 1265 1310 auras

277 1353 406 1429 Emitto,
423 1353 545 1414 videam
561 1354 598 1413 ad
613 1358 732 1414 certum
748 1353 917 1413 decurrere
932 1353 1045 1416 finemt

344 1575 444 1646 Dolet
468 1575 559 1666 quod
587 1584 799 1644 marcescant
833 1573 961 1660 herbae,
1001 1577 1190 1649 detioreant
1228 1591 1337 1668 prata,

277 1703 469 1772 moriantur
488 1701 660 1785 animalia,
677 1710 779 1770 ruant
798 1699 913 1786 urbes,
930 1713 1047 1794 pereat
1062 1704 1210 1798 denique
1226 1699 1339 1778 Homo

280 1852 383 1919 quem
416 1837 493 1919 post
520 1827 636 1915 genita
661 1828 779 1896 omnia
797 1836 970 1918 postremo
1000 1829 1194 1922 lacrymoso
1224 1830 1341 1905 eduxit

278 1965 391 2046 partu.
428 1953 583 2045 Luguhri
621 1953 791 2022 cantilena
831 1955 1020 2044 respondet
1050 1957 1178 2027 AEtas:
1217 1960 1339 2028 «Fata

278 2085 418 2168 volunt,
441 2113 457 2148 »
486 2081 684 2153 necessitati
710 2082 902 2172 parendum
933 2083 1026 2152 addit
1058 2087 1339 2182 monendumque

278 2214 456 2284 hominem

650 2427 702 2504 qui
717 2425 817 2486 currit
829 2427 868 2486 ud
882 2428 1019 2498 umbras,

401 2534 460 2603 Qui
475 2535 538 2597 ruit
550 2536 588 2596 ad
602 2536 715 2597 Mortis
726 2535 876 2612 jaculum,
895 2555 933 2596 ne
950 2555 1038 2614 spem
1050 2535 1110 2598 sibi
1122 2535 1211 2597 vanis

400 2643 541 2705 Collocet
554 2643 587 2704 in
600 2646 705 2716 rebus,
721 2663 759 2703 ne
775 2643 858 2704 forte
872 2644 1033 2721 superbiat
1053 2644 1116 2705 ulla

398 2751 549 2812 Doctrina
564 2759 619 2813 aut
630 2754 755 2831 opibus,
772 2754 979 2814 membrorum
996 2758 1049 2814 aut
1062 2753 1182 2815 viribus
1197 2752 1270 2816 ullis
1286 2774 1294 2816 a

397 2857 438 2918 Et
451 2858 536 2918 dicas
552 2857 644 2934 dites,
662 2859 780 2934 doctos,
797 2858 958 2936 fortesque
969 2857 1103 2922 ruinam,

397 2965 467 3026 Jam
481 2983 602 3044 passos.

346 3199 484 3276 Talibus
509 3207 545 3274 in
566 3207 709 3276 modurn
723 3207 857 3298 prologi
873 3205 972 3277 dietis
986 3217 1132 3300 uocatur
1150 3209 1276 3297 Homo,
1301 3220 1341 3282 ate

280 3333 396 3405 statim
424 3345 539 3404 eoram
576 3321 633 3401 illo
666 3332 892 3401 traducuntur
936 3333 1115 3402 clarissimi
1149 3335 1341 3426 priscorum

281 3461 484 3530 saeculorum
503 3458 579 3529 viri.
604 3458 780 3527 Prodeunt
805 3459 955 3550 primurn
986 3459 1167 3531 bellatores
1199 3464 1338 3545 Hector,

278 3585 443 3670 Achilles,
463 3584 669 3668 Alexander,
692 3585 851 3668 Samson,
877 3584 935 3674 qui
962 3591 1072 3653 morte
1090 3585 1171 3654 victi
1193 3609 1233 3654 eo
1258 3586 1342 3655 reci·

279 3708 358 3780 tatis
375 3708 529 3779 vicissim
545 3707 669 3776 naeniis
686 3714 896 3776 evanescunt
914 3705 1066 3776 dieentes
1085 3731 1092 3777 :
1118 3736 1135 3772 «
1151 3708 1208 3778 Sic
1223 3706 1341 3777 omnia

277 3833 417 3902 devorat
432 3839 526 3900 aetas.
544 3858 560 3894 u
578 3829 735 3898 Pulchrae
748 3852 831 3898 mox
845 3838 1009 3922 apparent
1021 3831 1170 3916 feminea,
1188 3827 1332 3914 Helene,

277 3958 358 4025 Lais
367 3979 407 4026 ac
419 3953 609 4047 Babylonia
623 3953 724 4023 Tisbe
741 3976 887 4045 quarum
898 3954 1054 4026 omnium
1066 3956 1129 4026 sub
1145 3957 1213 4026 line
1227 3957 1343 4048 planc-

278 4087 399 4148 tuaest
415 4079 587 4149 cantilena
606 4100 614 4147 :

443 4330 554 4395 Omnia
566 4331 612 4394 sie
627 4331 721 4393 AEtes
732 4329 929 4392 immaturata
943 4331 1038 4410 rapit.
