3142 5066
666 479 846 570 ..ἔθα

326 645 407 738 Ouid
420 641 552 724 sceleris
565 650 660 722 fecitt
673 655 746 724 Non
760 665 861 724 totum
872 657 1002 722 tolleret
1016 658 1123 737 donor

362 769 434 834 Non
450 774 535 830 totus
549 766 687 830 maculas
702 772 846 846 tergeret
860 767 1014 828 Oceanus.

322 878 402 940 Vina
417 875 599 958 propinavit
612 875 720 954 pueris
736 877 792 936 sed
812 874 956 954 aquatica
971 892 979 932 :
995 871 1129 954 reiquae

362 985 432 1046 Neo
446 983 558 1046 sitiens
572 1001 709 1062 unquam
723 982 870 1046 Tantalus
887 982 1041 1044 ebiberet.

205 1204 210 1214 ,
223 1137 269 1206 At
284 1157 416 1232 coquus

639 1280 778 1324 macram
792 1261 880 1326 dedit
894 1261 987 1334 offam

364 1369 421 1431 Gui
433 1387 492 1433 nec
507 1374 576 1429 crat
590 1370 693 1447 sapidi
706 1368 839 1449 parvula
852 1368 931 1428 mica
946 1359 1040 1442 saiis3

323 1477 380 1554 nt*
392 1479 525 1539 nummis
537 1496 683 1556 parcens,
700 1477 803 1538 nullas
818 1477 989 1538 immiscuit
1004 1478 1130 1536 herbas

365 1585 456 1663 Saepe
472 1586 565 1645 etiam
580 1584 687 1661 tetigit
697 1583 817 1644 fumida
831 1585 954 1645 flamma
976 1585 1091 1646 cibum.

325 1693 466 1754 Praebuit
479 1699 510 1752 et
525 1709 634 1752 carnes
648 1685 760 1752 crudas
776 1696 808 1750 et
820 1690 972 1768 sanguine
985 1691 1112 1768 plenaa3

324 1801 399 1864 Pisa
414 1800 501 1862 dedit
515 1816 637 1878 apurcae
656 1816 720 1858 ncn
734 1798 903 1860 tribuenda
917 1797 978 1859 sui.

231 1948 322 2032 Quid
336 1949 429 2020 lixa?

382 2095 523 2154 Haustus
536 2111 625 2172 aquae
638 2092 713 2172 quid
728 2091 806 2154 iecit
817 2090 901 2152 lixa?
911 2123 950 2136 -
962 2091 1095 2154 Paravit

351 2201 417 2268 Qua
431 2202 630 2280 dispensator
641 2201 715 2262 vina
727 2199 869 2280 profudit
881 2217 1004 2279 aquam.

307 2343 345 2358 -··
358 2309 593 2389 Dispensatoris
608 2309 729 2387 stygias
742 2326 847 2369 comes
863 2315 930 2368 esto
944 2324 1003 2384 per
1016 2309 1140 2369 umbras

347 2418 389 2478 Ut
402 2416 510 2478 videat
524 2417 598 2495 quid
611 2417 652 2478 sit
666 2417 791 2494 tingere
805 2423 916 2478 nectar
927 2415 1030 2496 aquis.

296 2567 387 2657 Ergo
415 2565 452 2634 in
478 2565 682 2636 conroediam
708 2565 822 2634 ibatur
846 2563 970 2634 talibus
992 2561 1098 2655 Jocis:
1130 2561 1193 2634 suh
1217 2564 1285 2634 fine

227 2697 344 2762 tamen
364 2697 479 2759 amoto
496 2700 698 2784 quaeruntur
712 2689 801 2758 seria
814 2689 909 2759 ludo.

228 2853 331 2915 Mors.
343 2853 426 2926 Quot
438 2858 511 2914 sunt
524 2871 601 2930 quos
613 2853 735 2913 Erebus
743 2853 904 2930 rapuitt-
914 2853 973 2913 Tot
981 2851 1121 2912 millia-
1130 2852 1213 2925 Quot
1225 2858 1297 2915 sunt

388 2958 448 3032 Qui
461 2958 578 3037 campis
594 2960 732 3037 gaudent
745 2958 886 3018 suaviter
900 2957 1038 3036 Elysiis?

348 3095 387 3112 α·
402 3063 491 3124 Inter
503 3068 552 3124 tot
570 3063 716 3142 populos,
730 3069 778 3124 tot
799 3061 910 3137 millia,
925 3062 980 3122 vix
995 3063 1056 3123 duo
1071 3062 1150 3125 salvi

389 3169 563 3232 Miliibuse
581 3171 676 3232 tantis
689 3170 744 3232 vix
760 3171 820 3230 duo
834 3167 872 3232 ad
887 3176 971 3232 astra
984 3170 1102 3235 volant.

350 3311 388 3324 -··
410 3277 470 3344 Qui
484 3278 566 3356 sapit
579 3296 656 3356 ergo
679 3296 743 3341 auae
759 3278 884 3339 studeat
896 3296 1016 3340 memor
1029 3295 1098 3338 esse
1119 3278 1240 3343 salutis.

391 3387 451 3461 Qui
466 3387 550 3468 sapit
561 3388 692 3449 incertae
708 3387 851 3452 consulat
872 3405 948 3464 ergo
969 3387 1080 3448 animae
1091 3386 1116 3450 ¹.

285 3555 311 3614 1.
335 3558 369 3612 In
387 3557 545 3630 Hispanico
561 3557 677 3627 dialogo
687 3557 786 3613 Mors:

416 3657 440 3707 A
452 3658 529 3709 todos
541 3656 581 3708 ios
597 3673 647 3722 que
660 3657 723 3723 aqui
734 3671 787 3706 non
798 3655 833 3707 he
843 3655 990 3706 nombrudo

417 3746 455 3797 De
471 3747 608 3812 cualquier
622 3747 691 3812 leye
707 3747 799 3798 estudo
812 3761 828 3796 ο
841 3745 987 3810 condycion

417 3838 467 3888 Les
485 3839 582 3888 mando
598 3854 648 3904 que
663 3837 768 3903 bengan
783 3852 846 3901 muy
858 3833 928 3887 toste
942 3835 1036 3900 priado

416 3928 441 3978 A
456 3932 547 3980 cntrar
561 3943 594 3978 en
609 3928 647 3976 mi
659 3927 743 3992 daupu
756 3925 798 3978 sin
811 3923 964 3976 escusaeion

420 4017 480 4070 Non
492 4019 620 4068 rescibira
633 4017 720 4084 jamas
735 4017 873 4068 escebcion

420 4107 473 4158 Nin
485 4113 545 4158 otro
558 4107 639 4158 iibelo
654 4122 707 4158 non
723 4105 898 4157 declinatoria

419 4195 471 4248 nos
482 4212 533 4262 que
550 4197 613 4247 bien
627 4195 733 4248 tisieron
744 4195 827 4248 abran
842 4207 964 4260 syernpre
980 4193 1065 4260 gloria

420 4285 473 4343 Lea
485 4283 548 4356 quel
562 4285 696 4340 contrario
707 4285 790 4342 ebruc
804 4281 961 4356 dapnacioa·
