3142 5066
655 474 834 541 ..13-

212 645 423 715 mediocrem
450 640 631 734 posteriori
659 640 749 711 aetati
779 663 853 732 quae
881 639 1014 709 doctior
1042 639 1150 710 evasit
1177 663 1279 732 opem

213 768 364 839 ferant¹.
386 766 454 837 Sed
467 767 509 836 de
525 767 670 835 Textore
685 773 723 834 ut
742 766 784 834 de
801 763 934 833 erudito
948 762 1090 833 homine
1103 763 1186 833 satis
1205 765 1277 834 die-

213 903 322 962 tumz'
343 892 540 961 fabularum
566 898 686 960 auctor
712 889 749 958 in
777 889 891 958 lucem
921 887 1022 958 nohis
1052 889 1184 958 dandus
1211 897 1274 974 est,

212 1027 330 1110 utpote
349 1017 465 1086 minus
486 1015 657 1105 cognitus,
680 1014 805 1106 dignus
819 1021 937 1082 tamen
960 1013 1020 1105 qui
1035 1024 1273 1104 cognoscatur.

214 1145 325 1227 Quem
347 1141 489 1213 omnino
514 1139 784 1233 pretermissum
794 1139 945 1232 jacuisse
969 1138 1188 1225 dixissemus,
1210 1141 1277 1210 nisi

183 1265 189 1280 '
210 1269 393 1361 nohisjam
406 1268 474 1337 hoc
492 1265 699 1358 opusculum
716 1263 993 1360 retractantibus,
1012 1265 1197 1356 sagacioris
1210 1267 1276 1338 viri

210 1399 270 1465 rt.
288 1397 410 1464 erasus
421 1391 627 1463 occurrisset
648 1389 891 1460 commentatio
907 1389 948 1460 (16
963 1387 1097 1458 duobus
1118 1391 1273 1460 Textoris

212 1517 424 1589 comoediis2.
439 1516 547 1587 Nobis
558 1525 675 1585 tamen
686 1538 729 1584 ex
738 1515 911 1606 insperato
921 1535 996 1583 rem
1005 1537 1100 1604 pane
1111 1515 1275 1586 intactam

210 1642 360 1734 reliquit,
378 1666 451 1712 666
465 1641 579 1711 solum
592 1640 684 1732 quod
696 1640 765 1709 duo
775 1646 909 1708 tantum
919 1639 1071 1709 dramata
1086 1641 1273 1732 eademque

210 1769 327 1837 forsan
340 1791 383 1836 ex
394 1764 657 1856 chronographo
671 1763 821 1855 quodam
835 1763 1008 1852 cognovit,
1030 1765 1091 1834 sed
1106 1763 1187 1856 quia
1199 1788 1274 1833 rem

209 1893 418 1986 primoribus
443 1892 546 1962 labris
574 1891 697 1983 attigit,
731 1890 779 1974 ita
800 1898 839 1958 ut
852 1889 970 1980 paucis
989 1913 1065 1982 quae
1088 1890 1130 1960 de
1155 1899 1273 1961 nostro

211 2017 346 2110 scripsit
374 2016 522 2086 immixti
552 2017 621 2085 sint
660 2014 800 2107 quidam
832 2036 977 2099 errores,
1013 2037 1121 2106 quum
1157 2023 1273 2085 tamen
1318 2027 1321 2035 '

209 2144 347 2215 urbanae
364 2142 543 2213 sententiaa
562 2151 664 2233 atque
681 2142 769 2209 sales
784 2139 936 2232 undique
954 2149 1119 2210 scateant.

273 2272 364 2339 Ante
375 2280 492 2340 tamen
511 2291 615 2361 quam
633 2269 674 2338 de
694 2264 826 2335 Ravisii
851 2266 1027 2338 comoediis
1053 2265 1268 2358 inspiciatur,

208 2418 317 2488 pauca
339 2397 380 2466 de
407 2395 563 2487 ejusdem
587 2394 669 2478 vita,
700 2392 816 2462 Bulaeo
841 2391 1011 2484 imprimis
1044 2393 1270 2486 Launoioque
1341 2451 1344 2456 .

208 2521 366 2607 testibus,
381 2519 605 2591 memoranda
620 2526 712 2587 sunt.

272 2647 304 2716 J.
318 2645 458 2715 Ravisio
473 2643 611 2713 Textori
620 2641 824 2714 Nivernensi
834 2641 938 2734 (anno
951 2646 1036 2714 1180
1046 2654 1126 2714 nato
1137 2645 1270 2714 Sanctae

207 2771 364 2864 Salviaei)
384 2779 422 2839 ut
444 2779 539 2840 totus
565 2770 771 2840 Navarraeus
800 2767 898 2836 fieret
925 2770 992 2839 hoe
1020 2793 1129 2839 unum
1159 2769 1285 2864 defuit

206 2897 392 2991 quominus
425 2897 462 2966 in
499 2895 679 2989 gymnasio
716 2895 901 2965 Navarrioo
934 2905 1145 2966 nasceretur.
1178 2899 1268 2968 Nam

205 3031 367 3115 patruum
401 3021 520 3114 quiin
545 3021 612 3091 hoc
642 3021 786 3112 collegio
814 3021 1120 3112 grammaticorum
1154 3023 1265 3116 hypo·

206 3147 397 3218 didascalus
413 3145 590 3215 exstiterat
607 3144 886 3234 ludimagistrum
909 3143 1042 3229 hahuit,
1066 3147 1210 3238 ipseque
1230 3147 1268 3215 in

206 3272 509 3364 grammaticorum
523 3269 723 3340 societatem
735 3269 829 3341 haud
842 3270 951 3340 multo
969 3278 1049 3362 post
1060 3271 1186 3340 ascitus
1202 3280 1267 3342 est.

105 3447 107 3453 -
205 3397 261 3467 Ibi·
272 3397 313 3466 ab
329 3395 477 3466 Oliverio
490 3394 716 3486 Lugdunensi
734 3394 792 3486 qui
806 3394 937 3486 primus
954 3393 1106 3464 cultioris
1122 3395 1268 3468 latinita-

204 3523 250 3593 tis
282 3523 436 3594 studium
468 3522 584 3592 intulit
613 3522 651 3591 in
679 3523 867 3593 Navarram
900 3521 1082 3613 expolitus,
1112 3545 1133 3592 a
1162 3523 1266 3593 Petro

257 3848 282 3905 1.
304 3849 429 3912 Hallam,
445 3853 466 3902 t.
480 3848 502 3913 1,
512 3866 540 3920 p.
554 3846 619 3903 350.

254 3948 281 4004 2.
303 3967 317 4002 6
333 3948 386 4002 Les
406 3941 519 4003 Gloi'res
535 3947 665 4019 perdues.
681 3974 715 3989 -
729 3943 792 4000 Una
807 3944 935 4000 comedis
941 3946 1028 4015 jones
1049 3960 1085 3998 66
1108 3942 1218 4012 college
1231 3942 1265 3998 de

203 4049 330 4103 Navarra
345 4043 460 4100 661510
472 4065 487 4102 o
503 4045 601 4114 (116666
611 4045 643 4102 (16
653 4043 746 4109 Paris,
757 4044 775 4098 9
787 4041 1006 4116 1666661842).
1019 4041 1106 4114 Cujus
1125 4042 1265 4114 disquisi-

202 4145 292 4198 tionis
301 4141 456 4214 Catalogus
465 4143 499 4197 de
514 4142 637 4200 86161666
649 4159 702 4198 666
715 4142 872 4196 admonuit.

257 4239 283 4296 3.
304 4241 340 4298 V.
357 4242 478 4316 Gouget,
488 4242 564 4298 Bibl.
580 4243 684 4311 16666,
699 4239 792 4308 irs-12,
803 4248 825 4296 t.
838 4238 901 4305 VII,
916 4257 945 4315 p.
959 4237 1005 4303 18,
1025 4235 1068 4294 19.
