<?xml version="1.0" encoding="UTF-8"?>
<!DOCTYPE html PUBLIC "-//W3C//DTD XHTML 1.0 Transitional//EN"
    "http://www.w3.org/TR/xhtml1/DTD/xhtml1-transitional.dtd">
<html xmlns="http://www.w3.org/1999/xhtml" xml:lang="en" lang="en">
 <head>
  <title>
</title>
<meta http-equiv="Content-Type" content="text/html;charset=utf-8" />
  <meta name='ocr-system' content='tesseract 3.04.00' />
  <meta name='ocr-capabilities' content='ocr_page ocr_carea ocr_par ocr_line ocrx_word'/>
</head>
<body>
  <div class='ocr_page' id='page_1' title='image "./deravisiitextor00massgoog_0042.png"; bbox 0 0 3142 5066; ppageno 0'>
   <div class='ocr_carea' id='block_1_1' title="bbox 677 448 856 516">
    <p class='ocr_par' dir='ltr' id='par_1_1' title="bbox 677 448 856 516">
     <span class='ocr_line' id='line_1_1' title="bbox 677 448 856 516; baseline -0.006 -16"><span class='ocrx_word' id='word_1_1' title='bbox 677 448 856 516; x_wconf 73' lang='lat'>...31-</span> 
     </span>
    </p>
   </div>
   <div class='ocr_carea' id='block_1_2' title="bbox 236 599 1492 710">
    <p class='ocr_par' dir='ltr' id='par_1_2' title="bbox 236 599 1492 710">
     <span class='ocr_line' id='line_1_2' title="bbox 236 599 1492 710; baseline 0 -21"><span class='ocrx_word' id='word_1_2' title='bbox 236 620 356 690; x_wconf 86' lang='lat' dir='ltr'>duram</span> <span class='ocrx_word' id='word_1_3' title='bbox 370 620 485 710; x_wconf 89' lang='lat' dir='ltr'>legem</span> <span class='ocrx_word' id='word_1_4' title='bbox 506 618 643 708; x_wconf 83' lang='lat' dir='ltr'>Regum</span> <span class='ocrx_word' id='word_1_5' title='bbox 657 616 730 686; x_wconf 92' lang='lat' dir='ltr'>dies</span> <span class='ocrx_word' id='word_1_6' title='bbox 744 616 879 686; x_wconf 84' lang='lat' dir='ltr'>fuerit¹.</span> <span class='ocrx_word' id='word_1_7' title='bbox 905 615 1015 706; x_wconf 82' lang='lat' dir='ltr'><strong>Igitur</strong></span> <span class='ocrx_word' id='word_1_8' title='bbox 1034 639 1113 685; x_wconf 89' lang='lat' dir='ltr'>cum</span> <span class='ocrx_word' id='word_1_9' title='bbox 1133 616 1297 708; x_wconf 90' lang='lat' dir='ltr'>Magnino</span> <span class='ocrx_word' id='word_1_10' title='bbox 1389 599 1395 617; x_wconf 54' lang='lat'><em>¹</em></span> <span class='ocrx_word' id='word_1_11' title='bbox 1489 645 1492 652; x_wconf 54' lang='lat'><em>⁴</em></span> 
     </span>
    </p>
   </div>
   <div class='ocr_carea' id='block_1_3' title="bbox 232 741 1299 3097">
    <p class='ocr_par' dir='ltr' id='par_1_3' title="bbox 232 741 1299 3097">
     <span class='ocr_line' id='line_1_3' title="bbox 235 741 1298 834; baseline -0.001 -20"><span class='ocrx_word' id='word_1_12' title='bbox 235 744 451 834; x_wconf 91' lang='lat' dir='ltr'>Merilioque‚</span> <span class='ocrx_word' id='word_1_13' title='bbox 473 743 634 812; x_wconf 91' lang='lat' dir='ltr'>ludorum</span> <span class='ocrx_word' id='word_1_14' title='bbox 656 742 763 832; x_wconf 84' lang='lat' dir='ltr'>hujus</span> <span class='ocrx_word' id='word_1_15' title='bbox 789 741 855 812; x_wconf 91' lang='lat' dir='ltr'>diei</span> <span class='ocrx_word' id='word_1_16' title='bbox 881 741 1050 831; x_wconf 83' lang='lat' dir='ltr'>originem</span> <span class='ocrx_word' id='word_1_17' title='bbox 1066 765 1108 811; x_wconf 85' lang='lat' dir='ltr'>ex</span> <span class='ocrx_word' id='word_1_18' title='bbox 1132 745 1298 813; x_wconf 90' lang='lat' dir='ltr'>Romanis</span> 
     </span>
     <span class='ocr_line' id='line_1_4' title="bbox 238 867 1299 961; baseline -0.002 -21"><span class='ocrx_word' id='word_1_19' title='bbox 238 869 477 940; x_wconf 81' lang='lat' dir='ltr'>Saturnalibus</span> <span class='ocrx_word' id='word_1_20' title='bbox 507 867 605 937; x_wconf 83' lang='lat' dir='ltr'>facile</span> <span class='ocrx_word' id='word_1_21' title='bbox 635 875 806 958; x_wconf 84' lang='lat' dir='ltr'>repetam,</span> <span class='ocrx_word' id='word_1_22' title='bbox 851 867 969 958; x_wconf 93' lang='lat' dir='ltr'>utique</span> <span class='ocrx_word' id='word_1_23' title='bbox 1006 891 1112 958; x_wconf 92' lang='lat' dir='ltr'>quum</span> <span class='ocrx_word' id='word_1_24' title='bbox 1149 869 1185 937; x_wconf 92' lang='lat' dir='ltr'>in</span> <span class='ocrx_word' id='word_1_25' title='bbox 1223 871 1299 961; x_wconf 93' lang='lat' dir='ltr'>qui-</span> 
     </span>
     <span class='ocr_line' id='line_1_5' title="bbox 237 991 1298 1084; baseline -0.001 -19"><span class='ocrx_word' id='word_1_26' title='bbox 237 995 384 1065; x_wconf 88' lang='lat' dir='ltr'>busdam</span> <span class='ocrx_word' id='word_1_27' title='bbox 419 994 564 1084; x_wconf 73' lang='lat' dir='ltr'>Europae</span> <span class='ocrx_word' id='word_1_28' title='bbox 603 991 805 1080; x_wconf 90' lang='lat' dir='ltr'>regionibus</span> <span class='ocrx_word' id='word_1_29' title='bbox 841 1013 880 1060; x_wconf 91' lang='lat' dir='ltr'>ac</span> <span class='ocrx_word' id='word_1_30' title='bbox 916 993 1107 1082; x_wconf 85' lang='lat' dir='ltr'>praesertim</span> <span class='ocrx_word' id='word_1_31' title='bbox 1132 993 1298 1064; x_wconf 70' lang='lat' dir='ltr'>&#39;Coloniae</span> 
     </span>
     <span class='ocr_line' id='line_1_6' title="bbox 238 1116 1297 1208; baseline 0.001 -19"><span class='ocrx_word' id='word_1_32' title='bbox 238 1121 274 1189; x_wconf 96' lang='lat' dir='ltr'>in</span> <span class='ocrx_word' id='word_1_33' title='bbox 305 1119 488 1189; x_wconf 77' lang='lat' dir='ltr'>Germania</span> <span class='ocrx_word' id='word_1_34' title='bbox 520 1139 597 1186; x_wconf 92' lang='lat' dir='ltr'>mos</span> <span class='ocrx_word' id='word_1_35' title='bbox 633 1116 892 1208; x_wconf 89' lang='lat' dir='ltr'>antiquissimus</span> <span class='ocrx_word' id='word_1_36' title='bbox 928 1126 1030 1202; x_wconf 88' lang='lat' dir='ltr'>esset,</span> <span class='ocrx_word' id='word_1_37' title='bbox 1073 1119 1109 1186; x_wconf 95' lang='lat' dir='ltr'>in</span> <span class='ocrx_word' id='word_1_38' title='bbox 1141 1121 1297 1190; x_wconf 75' lang='lat' dir='ltr'>contivio</span> 
     </span>
     <span class='ocr_line' id='line_1_7' title="bbox 237 1241 1297 1336; baseline 0.004 -25"><span class='ocrx_word' id='word_1_39' title='bbox 237 1243 345 1335; x_wconf 88' lang='lat' dir='ltr'>hujus</span> <span class='ocrx_word' id='word_1_40' title='bbox 380 1241 447 1311; x_wconf 92' lang='lat' dir='ltr'>diei</span> <span class='ocrx_word' id='word_1_41' title='bbox 485 1241 582 1312; x_wconf 89' lang='lat' dir='ltr'>varia</span> <span class='ocrx_word' id='word_1_42' title='bbox 617 1242 882 1332; x_wconf 79' lang='lat' dir='ltr'>magistratuum</span> <span class='ocrx_word' id='word_1_43' title='bbox 920 1243 1194 1336; x_wconf 84' lang='lat' dir='ltr'>dignitatumque</span> <span class='ocrx_word' id='word_1_44' title='bbox 1232 1269 1297 1315; x_wconf 92' lang='lat' dir='ltr'>no-</span> 
     </span>
     <span class='ocr_line' id='line_1_8' title="bbox 236 1347 1296 1455; baseline 0.004 -18"><span class='ocrx_word' id='word_1_45' title='bbox 236 1369 332 1437; x_wconf 91' lang='lat' dir='ltr'>mina</span> <span class='ocrx_word' id='word_1_46' title='bbox 360 1377 450 1437; x_wconf 87' lang='lat' dir='ltr'>sorte</span> <span class='ocrx_word' id='word_1_47' title='bbox 481 1368 571 1437; x_wconf 93' lang='lat' dir='ltr'>inter</span> <span class='ocrx_word' id='word_1_48' title='bbox 594 1347 755 1440; x_wconf 85' lang='lat' dir='ltr'>convivas</span> <span class='ocrx_word' id='word_1_49' title='bbox 778 1370 1155 1455; x_wconf 66' lang='lat' dir='ltr'>dist1·ibui⁹,sineulla</span> <span class='ocrx_word' id='word_1_50' title='bbox 1184 1374 1296 1443; x_wconf 90' lang='lat' dir='ltr'>famu-</span> 
     </span>
     <span class='ocr_line' id='line_1_9' title="bbox 236 1494 1297 1586; baseline 0.005 -23"><span class='ocrx_word' id='word_1_51' title='bbox 236 1496 362 1564; x_wconf 86' lang='lat' dir='ltr'>lorum¹</span> <span class='ocrx_word' id='word_1_52' title='bbox 377 1494 647 1586; x_wconf 83' lang='lat' dir='ltr'>ancillarumque</span> <span class='ocrx_word' id='word_1_53' title='bbox 675 1495 887 1586; x_wconf 82' lang='lat' dir='ltr'>exceptione,</span> <span class='ocrx_word' id='word_1_54' title='bbox 920 1496 968 1565; x_wconf 87' lang='lat' dir='ltr'>ita</span> <span class='ocrx_word' id='word_1_55' title='bbox 995 1503 1033 1564; x_wconf 92' lang='lat' dir='ltr'>ut</span> <span class='ocrx_word' id='word_1_56' title='bbox 1061 1497 1102 1566; x_wconf 89' lang='lat' dir='ltr'>ab</span> <span class='ocrx_word' id='word_1_57' title='bbox 1136 1498 1297 1568; x_wconf 89' lang='lat' dir='ltr'>universa</span> 
     </span>
     <span class='ocr_line' id='line_1_10' title="bbox 236 1619 1297 1712; baseline 0.002 -24"><span class='ocrx_word' id='word_1_58' title='bbox 236 1619 366 1688; x_wconf 84' lang='lat' dir='ltr'>familia</span> <span class='ocrx_word' id='word_1_59' title='bbox 378 1619 539 1690; x_wconf 88' lang='lat' dir='ltr'>dramatis</span> <span class='ocrx_word' id='word_1_60' title='bbox 556 1620 728 1712; x_wconf 88' lang='lat' dir='ltr'>quoddam</span> <span class='ocrx_word' id='word_1_61' title='bbox 744 1643 855 1711; x_wconf 90' lang='lat' dir='ltr'>genus</span> <span class='ocrx_word' id='word_1_62' title='bbox 870 1629 1041 1712; x_wconf 87' lang='lat' dir='ltr'>ageretur.</span> <span class='ocrx_word' id='word_1_63' title='bbox 1060 1622 1102 1689; x_wconf 85' lang='lat' dir='ltr'>Et</span> <span class='ocrx_word' id='word_1_64' title='bbox 1117 1621 1297 1690; x_wconf 89' lang='lat' dir='ltr'>Germani-</span> 
     </span>
     <span class='ocr_line' id='line_1_11' title="bbox 237 1745 1297 1838; baseline -0.002 -23"><span class='ocrx_word' id='word_1_65' title='bbox 237 1746 284 1815; x_wconf 90' lang='lat' dir='ltr'>cis</span> <span class='ocrx_word' id='word_1_66' title='bbox 298 1746 491 1816; x_wconf 85' lang='lat' dir='ltr'>Academiis</span> <span class='ocrx_word' id='word_1_67' title='bbox 506 1768 577 1814; x_wconf 90' lang='lat' dir='ltr'>non</span> <span class='ocrx_word' id='word_1_68' title='bbox 600 1746 726 1815; x_wconf 87' lang='lat' dir='ltr'>absunt</span> <span class='ocrx_word' id='word_1_69' title='bbox 744 1745 780 1814; x_wconf 92' lang='lat' dir='ltr'>in</span> <span class='ocrx_word' id='word_1_70' title='bbox 801 1745 1039 1816; x_wconf 85' lang='lat' dir='ltr'>Saturnalibus</span> <span class='ocrx_word' id='word_1_71' title='bbox 1060 1747 1134 1816; x_wconf 92' lang='lat' dir='ltr'>ludi</span> <span class='ocrx_word' id='word_1_72' title='bbox 1164 1755 1223 1815; x_wconf 88' lang='lat' dir='ltr'>aut</span> <span class='ocrx_word' id='word_1_73' title='bbox 1245 1747 1297 1838; x_wconf 91' lang='lat' dir='ltr'>(ut</span> 
     </span>
     <span class='ocr_line' id='line_1_12' title="bbox 236 1871 1296 1963; baseline -0.001 -23"><span class='ocrx_word' id='word_1_74' title='bbox 236 1871 385 1963; x_wconf 86' lang='lat' dir='ltr'>aiebant)</span> <span class='ocrx_word' id='word_1_75' title='bbox 413 1871 449 1939; x_wconf 93' lang='lat' dir='ltr'>in</span> <span class='ocrx_word' id='word_1_76' title='bbox 468 1871 737 1940; x_wconf 79' lang='lat' dir='ltr'>Bacchanalibus</span> <span class='ocrx_word' id='word_1_77' title='bbox 767 1871 833 1941; x_wconf 89' lang='lat' dir='ltr'>acti</span> <span class='ocrx_word' id='word_1_78' title='bbox 861 1871 903 1940; x_wconf 92' lang='lat' dir='ltr'>ab</span> <span class='ocrx_word' id='word_1_79' title='bbox 935 1894 1025 1941; x_wconf 87' lang='lat' dir='ltr'>anno</span> <span class='ocrx_word' id='word_1_80' title='bbox 1061 1871 1177 1957; x_wconf 77' lang='grc'><strong>15003,</strong></span> <span class='ocrx_word' id='word_1_81' title='bbox 1209 1893 1296 1962; x_wconf 90' lang='lat' dir='ltr'>quos</span> 
     </span>
     <span class='ocr_line' id='line_1_13' title="bbox 237 1997 1184 2089; baseline 0.001 -24"><span class='ocrx_word' id='word_1_82' title='bbox 237 2006 352 2066; x_wconf 89' lang='lat' dir='ltr'>tamen</span> <span class='ocrx_word' id='word_1_83' title='bbox 368 1998 410 2068; x_wconf 91' lang='lat' dir='ltr'>ad</span> <span class='ocrx_word' id='word_1_84' title='bbox 425 1997 633 2066; x_wconf 86' lang='lat' dir='ltr'>Gallicorum</span> <span class='ocrx_word' id='word_1_85' title='bbox 651 1997 880 2067; x_wconf 89' lang='lat' dir='ltr'>imitationem</span> <span class='ocrx_word' id='word_1_86' title='bbox 898 1998 1055 2089; x_wconf 90' lang='lat' dir='ltr'>suspicor</span> <span class='ocrx_word' id='word_1_87' title='bbox 1074 1998 1184 2068; x_wconf 91' lang='lat' dir='ltr'>datos.</span> 
     </span>
     <span class='ocr_line' id='line_1_14' title="bbox 301 2125 1296 2218; baseline -0.001 -23"><span class='ocrx_word' id='word_1_88' title='bbox 301 2125 580 2218; x_wconf 83' lang='lat' dir='ltr'>Apparatissimae</span> <span class='ocrx_word' id='word_1_89' title='bbox 598 2125 857 2216; x_wconf 88' lang='lat' dir='ltr'>gymnasiorum</span> <span class='ocrx_word' id='word_1_90' title='bbox 873 2127 1061 2210; x_wconf 85' lang='lat' dir='ltr'>comoediae,</span> <span class='ocrx_word' id='word_1_91' title='bbox 1080 2149 1296 2218; x_wconf 89' lang='lat' dir='ltr'>quacumque</span> 
     </span>
     <span class='ocr_line' id='line_1_15' title="bbox 237 2250 1296 2346; baseline 0 -25"><span class='ocrx_word' id='word_1_92' title='bbox 237 2252 291 2322; x_wconf 91' lang='lat' dir='ltr'>die</span> <span class='ocrx_word' id='word_1_93' title='bbox 307 2260 389 2320; x_wconf 85' lang='lat' dir='ltr'>actae</span> <span class='ocrx_word' id='word_1_94' title='bbox 404 2250 543 2319; x_wconf 89' lang='lat' dir='ltr'>fuerint.</span> <span class='ocrx_word' id='word_1_95' title='bbox 558 2252 589 2320; x_wconf 89' lang='lat' dir='ltr'><strong>N</strong></span> <span class='ocrx_word' id='word_1_96' title='bbox 592 2274 637 2320; x_wconf 94' lang='lat' dir='ltr'>on</span> <span class='ocrx_word' id='word_1_97' title='bbox 655 2253 769 2321; x_wconf 91' lang='lat' dir='ltr'>solum</span> <span class='ocrx_word' id='word_1_98' title='bbox 787 2252 880 2321; x_wconf 91' lang='lat' dir='ltr'>enim</span> <span class='ocrx_word' id='word_1_99' title='bbox 895 2277 1010 2322; x_wconf 89' lang='lat' dir='ltr'>coram</span> <span class='ocrx_word' id='word_1_100' title='bbox 1029 2252 1296 2346; x_wconf 74' lang='lat' dir='ltr'>praeceptoribus</span> 
     </span>
     <span class='ocr_line' id='line_1_16' title="bbox 237 2377 1296 2472; baseline 0.002 -26"><span class='ocrx_word' id='word_1_101' title='bbox 237 2377 517 2468; x_wconf 89' lang='lat' dir='ltr'>scholasticisque</span> <span class='ocrx_word' id='word_1_102' title='bbox 543 2400 586 2446; x_wconf 84' lang='lat' dir='ltr'>ex</span> <span class='ocrx_word' id='word_1_103' title='bbox 611 2378 771 2447; x_wconf 92' lang='lat' dir='ltr'>omnihus</span> <span class='ocrx_word' id='word_1_104' title='bbox 797 2379 951 2470; x_wconf 88' lang='lat' dir='ltr'>collegiis</span> <span class='ocrx_word' id='word_1_105' title='bbox 978 2381 1131 2472; x_wconf 89' lang='lat' dir='ltr'>undique</span> <span class='ocrx_word' id='word_1_106' title='bbox 1151 2403 1296 2449; x_wconf 89' lang='lat' dir='ltr'>concur-</span> 
     </span>
     <span class='ocr_line' id='line_1_17' title="bbox 234 2501 1297 2597; baseline -0.001 -25"><span class='ocrx_word' id='word_1_107' title='bbox 234 2502 389 2572; x_wconf 88' lang='lat' dir='ltr'>rentibus</span> <span class='ocrx_word' id='word_1_108' title='bbox 407 2501 633 2587; x_wconf 85' lang='lat' dir='ltr'>habebantur,</span> <span class='ocrx_word' id='word_1_109' title='bbox 660 2503 721 2572; x_wconf 91' lang='lat' dir='ltr'>sed</span> <span class='ocrx_word' id='word_1_110' title='bbox 754 2526 869 2573; x_wconf 90' lang='lat' dir='ltr'>coram</span> <span class='ocrx_word' id='word_1_111' title='bbox 894 2505 1087 2597; x_wconf 83' lang='lat' dir='ltr'>frequentia</span> <span class='ocrx_word' id='word_1_112' title='bbox 1115 2503 1297 2573; x_wconf 90' lang='lat' dir='ltr'>hominum</span> 
     </span>
     <span class='ocr_line' id='line_1_18' title="bbox 236 2628 1294 2722; baseline 0.002 -26"><span class='ocrx_word' id='word_1_113' title='bbox 236 2628 358 2719; x_wconf 91' lang='lat' dir='ltr'>quibus</span> <span class='ocrx_word' id='word_1_114' title='bbox 374 2628 489 2697; x_wconf 91' lang='lat' dir='ltr'>omnia</span> <span class='ocrx_word' id='word_1_115' title='bbox 514 2629 698 2720; x_wconf 88' lang='lat' dir='ltr'>spectaculi</span> <span class='ocrx_word' id='word_1_116' title='bbox 714 2652 841 2720; x_wconf 88' lang='lat' dir='ltr'>genera</span> <span class='ocrx_word' id='word_1_117' title='bbox 856 2630 1021 2722; x_wconf 89' lang='lat' dir='ltr'>voluptati</span> <span class='ocrx_word' id='word_1_118' title='bbox 1041 2639 1149 2714; x_wconf 90' lang='lat' dir='ltr'>erant,</span> <span class='ocrx_word' id='word_1_119' title='bbox 1165 2639 1200 2698; x_wconf 88' lang='lat' dir='ltr'>et</span> <span class='ocrx_word' id='word_1_120' title='bbox 1213 2652 1294 2719; x_wconf 91' lang='lat' dir='ltr'>quo·</span> 
     </span>
     <span class='ocr_line' id='line_1_19' title="bbox 232 2753 1292 2847; baseline 0 -24"><span class='ocrx_word' id='word_1_121' title='bbox 232 2777 311 2823; x_wconf 91' lang='lat' dir='ltr'>rum</span> <span class='ocrx_word' id='word_1_122' title='bbox 335 2753 542 2823; x_wconf 87' lang='lat' dir='ltr'>indoctiores</span> <span class='ocrx_word' id='word_1_123' title='bbox 556 2755 801 2845; x_wconf 84' lang='lat' dir='ltr'>pantomimica</span> <span class='ocrx_word' id='word_1_124' title='bbox 817 2764 918 2847; x_wconf 90' lang='lat' dir='ltr'>gestu</span> <span class='ocrx_word' id='word_1_125' title='bbox 934 2756 1033 2846; x_wconf 91' lang='lat' dir='ltr'>plura</span> <span class='ocrx_word' id='word_1_126' title='bbox 1048 2755 1292 2845; x_wconf 90' lang='lat' dir='ltr'>intelligerent.</span> 
     </span>
     <span class='ocr_line' id='line_1_20' title="bbox 235 2879 1292 2972; baseline 0 -24"><span class='ocrx_word' id='word_1_127' title='bbox 235 2880 455 2948; x_wconf 79' lang='lat' dir='ltr'>Exstructum</span> <span class='ocrx_word' id='word_1_128' title='bbox 482 2879 518 2947; x_wconf 92' lang='lat' dir='ltr'>in</span> <span class='ocrx_word' id='word_1_129' title='bbox 540 2880 618 2948; x_wconf 91' lang='lat' dir='ltr'>aula</span> <span class='ocrx_word' id='word_1_130' title='bbox 640 2880 774 2970; x_wconf 87' lang='lat' dir='ltr'>collegii</span> <span class='ocrx_word' id='word_1_131' title='bbox 796 2880 969 2950; x_wconf 91' lang='lat' dir='ltr'>theatrum</span> <span class='ocrx_word' id='word_1_132' title='bbox 991 2881 1095 2951; x_wconf 90' lang='lat' dir='ltr'>variis</span> <span class='ocrx_word' id='word_1_133' title='bbox 1120 2881 1292 2972; x_wconf 89' lang='lat' dir='ltr'>tapetibus</span> 
     </span>
     <span class='ocr_line' id='line_1_21' title="bbox 234 3005 1294 3097; baseline -0.001 -23"><span class='ocrx_word' id='word_1_134' title='bbox 234 3005 327 3075; x_wconf 92' lang='lat' dir='ltr'>haud</span> <span class='ocrx_word' id='word_1_135' title='bbox 344 3027 442 3074; x_wconf 89' lang='lat' dir='ltr'>secus</span> <span class='ocrx_word' id='word_1_136' title='bbox 458 3027 497 3074; x_wconf 87' lang='lat' dir='ltr'>ac</span> <span class='ocrx_word' id='word_1_137' title='bbox 512 3005 586 3096; x_wconf 92' lang='lat' dir='ltr'>ipsa</span> <span class='ocrx_word' id='word_1_138' title='bbox 608 3005 687 3074; x_wconf 90' lang='lat' dir='ltr'>aula</span> <span class='ocrx_word' id='word_1_139' title='bbox 713 3005 952 3074; x_wconf 85' lang='lat' dir='ltr'>exornabatur.</span> <span class='ocrx_word' id='word_1_140' title='bbox 974 3005 1121 3090; x_wconf 86' lang='lat' dir='ltr'>Seenici,</span> <span class='ocrx_word' id='word_1_141' title='bbox 1137 3029 1204 3097; x_wconf 91' lang='lat' dir='ltr'>quo</span> <span class='ocrx_word' id='word_1_142' title='bbox 1219 3028 1294 3074; x_wconf 93' lang='lat' dir='ltr'>me-</span> 
     </span>
    </p>
   </div>
   <div class='ocr_carea' id='block_1_4' title="bbox 236 3130 1294 3223">
    <p class='ocr_par' dir='ltr' id='par_1_4' title="bbox 236 3130 1294 3223">
     <span class='ocr_line' id='line_1_22' title="bbox 236 3130 1294 3223; baseline -0.001 -25"><span class='ocrx_word' id='word_1_143' title='bbox 236 3130 303 3199; x_wconf 93' lang='lat' dir='ltr'>lius</span> <span class='ocrx_word' id='word_1_144' title='bbox 325 3130 527 3213; x_wconf 89' lang='lat' dir='ltr'>aulicorum,</span> <span class='ocrx_word' id='word_1_145' title='bbox 555 3130 807 3221; x_wconf 89' lang='lat' dir='ltr'>episcoporum,</span> <span class='ocrx_word' id='word_1_146' title='bbox 833 3130 982 3199; x_wconf 91' lang='lat' dir='ltr'>militum</span> <span class='ocrx_word' id='word_1_147' title='bbox 1004 3137 1119 3223; x_wconf 90' lang='lat' dir='ltr'>partes</span> <span class='ocrx_word' id='word_1_148' title='bbox 1139 3137 1294 3220; x_wconf 87' lang='lat' dir='ltr'>agerent,</span> 
     </span>
    </p>
   </div>
   <div class='ocr_carea' id='block_1_5' title="bbox 234 3379 1297 3850">
    <p class='ocr_par' dir='ltr' id='par_1_5' title="bbox 290 3379 543 3452">
     <span class='ocr_line' id='line_1_23' title="bbox 290 3379 543 3452; baseline 0.008 -18"><span class='ocrx_word' id='word_1_149' title='bbox 290 3379 315 3438; x_wconf 90' lang='lat'>1.</span> <span class='ocrx_word' id='word_1_150' title='bbox 336 3381 413 3446; x_wconf 79' lang='lat' dir='ltr'>Bul..</span> <span class='ocrx_word' id='word_1_151' title='bbox 426 3383 543 3452; x_wconf 88' lang='lat' dir='ltr'>passim.</span> 
     </span>
    </p>

    <p class='ocr_par' dir='ltr' id='par_1_6' title="bbox 234 3477 1297 3850">
     <span class='ocr_line' id='line_1_24' title="bbox 287 3477 1297 3552; baseline -0.005 -16"><span class='ocrx_word' id='word_1_152' title='bbox 287 3480 315 3536; x_wconf 80' lang='lat'>2.</span> <span class='ocrx_word' id='word_1_153' title='bbox 337 3480 515 3534; x_wconf 88' lang='lat' dir='ltr'>Schottennii</span> <span class='ocrx_word' id='word_1_154' title='bbox 526 3481 670 3552; x_wconf 90' lang='lat' dir='ltr'>colloquia</span> <span class='ocrx_word' id='word_1_155' title='bbox 679 3479 823 3549; x_wconf 83' lang='lat' dir='ltr'>Lugduni,</span> <span class='ocrx_word' id='word_1_156' title='bbox 842 3477 922 3544; x_wconf 87' lang='grc'>1545,</span> <span class='ocrx_word' id='word_1_157' title='bbox 934 3498 962 3551; x_wconf 91' lang='lat' dir='ltr'>p.</span> <span class='ocrx_word' id='word_1_158' title='bbox 977 3477 1022 3535; x_wconf 89' lang='grc'>31.</span> <span class='ocrx_word' id='word_1_159' title='bbox 1046 3478 1237 3532; x_wconf 85' lang='lat' dir='ltr'>«Sortiuntur</span> <span class='ocrx_word' id='word_1_160' title='bbox 1258 3477 1297 3532; x_wconf 91' lang='lat' dir='ltr'>di-</span> 
     </span>
     <span class='ocr_line' id='line_1_25' title="bbox 236 3571 1297 3651; baseline -0.003 -19"><span class='ocrx_word' id='word_1_161' title='bbox 236 3580 360 3651; x_wconf 84' lang='lat' dir='ltr'>gnitates</span> <span class='ocrx_word' id='word_1_162' title='bbox 374 3579 515 3633; x_wconf 86' lang='lat' dir='ltr'>chartulis</span> <span class='ocrx_word' id='word_1_163' title='bbox 529 3580 605 3650; x_wconf 83' lang='lat' dir='ltr'>pileo</span> <span class='ocrx_word' id='word_1_164' title='bbox 618 3579 769 3651; x_wconf 87' lang='lat' dir='ltr'>impositis.</span> <span class='ocrx_word' id='word_1_165' title='bbox 786 3607 819 3620; x_wconf 96' lang='lat'>-</span> <span class='ocrx_word' id='word_1_166' title='bbox 832 3571 1051 3632; x_wconf 87' lang='lat' dir='ltr'>Suntne&#39;omnas</span> <span class='ocrx_word' id='word_1_167' title='bbox 1064 3578 1211 3649; x_wconf 86' lang='lat' dir='ltr'>inscriptae</span> <span class='ocrx_word' id='word_1_168' title='bbox 1224 3576 1297 3629; x_wconf 88' lang='lat' dir='ltr'>litte·</span> 
     </span>
     <span class='ocr_line' id='line_1_26' title="bbox 234 3675 1295 3750; baseline -0.006 -16"><span class='ocrx_word' id='word_1_169' title='bbox 234 3680 292 3735; x_wconf 80' lang='lat' dir='ltr'>rist</span> <span class='ocrx_word' id='word_1_170' title='bbox 309 3708 342 3721; x_wconf 96' lang='lat'>-</span> <span class='ocrx_word' id='word_1_171' title='bbox 358 3679 430 3732; x_wconf 87' lang='lat' dir='ltr'>Sunt</span> <span class='ocrx_word' id='word_1_172' title='bbox 444 3679 600 3750; x_wconf 89' lang='lat' dir='ltr'>etquidem</span> <span class='ocrx_word' id='word_1_173' title='bbox 628 3679 793 3733; x_wconf 89' lang='lat' dir='ltr'>nominibus</span> <span class='ocrx_word' id='word_1_174' title='bbox 808 3679 1041 3748; x_wconf 86' lang='lat' dir='ltr'>magistratuum.</span> <span class='ocrx_word' id='word_1_175' title='bbox 1058 3705 1092 3719; x_wconf 94' lang='lat'>-</span> <span class='ocrx_word' id='word_1_176' title='bbox 1107 3676 1196 3731; x_wconf 86' lang='lat' dir='ltr'>Adest</span> <span class='ocrx_word' id='word_1_177' title='bbox 1207 3675 1295 3730; x_wconf 91' lang='lat' dir='ltr'>etiam</span> 
     </span>
     <span class='ocr_line' id='line_1_27' title="bbox 235 3774 1295 3850; baseline -0.006 -18"><span class='ocrx_word' id='word_1_178' title='bbox 235 3779 342 3850; x_wconf 83' lang='lat' dir='ltr'>reginae</span> <span class='ocrx_word' id='word_1_179' title='bbox 357 3777 481 3849; x_wconf 89' lang='lat' dir='ltr'>scriptus</span> <span class='ocrx_word' id='word_1_180' title='bbox 497 3777 615 3832; x_wconf 66' lang='lat' dir='ltr'>titulus?</span> <span class='ocrx_word' id='word_1_181' title='bbox 632 3777 729 3831; x_wconf 87' lang='lat' dir='ltr'>-Est</span> <span class='ocrx_word' id='word_1_182' title='bbox 743 3777 791 3830; x_wconf 90' lang='lat' dir='ltr'>sed</span> <span class='ocrx_word' id='word_1_183' title='bbox 807 3777 851 3831; x_wconf 91' lang='lat' dir='ltr'>vel</span> <span class='ocrx_word' id='word_1_184' title='bbox 866 3775 953 3831; x_wconf 85' lang='lat' dir='ltr'>matri</span> <span class='ocrx_word' id='word_1_185' title='bbox 969 3777 1015 3830; x_wconf 88' lang='lat' dir='ltr'>vel</span> <span class='ocrx_word' id='word_1_186' title='bbox 1036 3775 1152 3830; x_wconf 86' lang='lat' dir='ltr'>ancillis</span> <span class='ocrx_word' id='word_1_187' title='bbox 1165 3774 1295 3829; x_wconf 87' lang='lat' dir='ltr'>vindica-</span> 
     </span>
    </p>
   </div>
   <div class='ocr_carea' id='block_1_6' title="bbox 235 3884 1293 4046">
    <p class='ocr_par' dir='ltr' id='par_1_7' title="bbox 235 3884 1293 4046">
     <span class='ocr_line' id='line_1_28' title="bbox 235 3884 389 3932; baseline 0.006 -1"><span class='ocrx_word' id='word_1_188' title='bbox 235 3884 285 3932; x_wconf 91' lang='lat' dir='ltr'>tur</span> <span class='ocrx_word' id='word_1_189' title='bbox 306 3884 389 3932; x_wconf 77' lang='lat' dir='ltr'>nete.</span> 
     </span>
     <span class='ocr_line' id='line_1_29' title="bbox 286 3923 1293 4046; baseline -0.004 -18"><span class='ocrx_word' id='word_1_190' title='bbox 286 3923 313 4030; x_wconf 67' lang='lat' dir='ltr'>b.</span> <span class='ocrx_word' id='word_1_191' title='bbox 335 3975 443 4031; x_wconf 86' lang='lat' dir='ltr'>Vidisti</span> <span class='ocrx_word' id='word_1_192' title='bbox 451 3977 513 4046; x_wconf 86' lang='lat' dir='ltr'>jam</span> <span class='ocrx_word' id='word_1_193' title='bbox 524 3973 629 4030; x_wconf 83' lang='lat' dir='ltr'>Latiam</span> <span class='ocrx_word' id='word_1_194' title='bbox 643 3973 740 4030; x_wconf 81' lang='lat' dir='ltr'>Diana</span> <span class='ocrx_word' id='word_1_195' title='bbox 754 3973 830 4027; x_wconf 90' lang='lat' dir='ltr'>ludis</span> <span class='ocrx_word' id='word_1_196' title='bbox 843 3971 1049 4036; x_wconf 82' lang='lat' dir='ltr'>saturnalibus,</span> <span class='ocrx_word' id='word_1_197' title='bbox 1066 3976 1098 4025; x_wconf 91' lang='lat' dir='ltr'>ut</span> <span class='ocrx_word' id='word_1_198' title='bbox 1110 3973 1166 4024; x_wconf 82' lang='lat' dir='ltr'>fert</span> <span class='ocrx_word' id='word_1_199' title='bbox 1180 3969 1293 4033; x_wconf 83' lang='lat' dir='ltr'>titulus,</span> 
     </span>
    </p>
   </div>
   <div class='ocr_carea' id='block_1_7' title="bbox 236 4069 1294 4146">
    <p class='ocr_par' dir='ltr' id='par_1_8' title="bbox 236 4069 1294 4146">
     <span class='ocr_line' id='line_1_30' title="bbox 236 4069 1294 4146; baseline -0.005 -16"><span class='ocrx_word' id='word_1_200' title='bbox 236 4082 340 4131; x_wconf 83' lang='lat' dir='ltr'>actum.</span> <span class='ocrx_word' id='word_1_201' title='bbox 357 4073 602 4130; x_wconf 87' lang='lat' dir='ltr'>Commemoratur</span> <span class='ocrx_word' id='word_1_202' title='bbox 616 4075 703 4128; x_wconf 87' lang='lat' dir='ltr'>etiam</span> <span class='ocrx_word' id='word_1_203' title='bbox 717 4074 747 4127; x_wconf 89' lang='lat' dir='ltr'>in</span> <span class='ocrx_word' id='word_1_204' title='bbox 760 4072 897 4146; x_wconf 86' lang='lat' dir='ltr'>Catalogo</span> <span class='ocrx_word' id='word_1_205' title='bbox 913 4073 989 4127; x_wconf 88' lang='lat' dir='ltr'>dicto</span> <span class='ocrx_word' id='word_1_206' title='bbox 1005 4072 1036 4128; x_wconf 81' lang='lat' dir='ltr'>de</span> <span class='ocrx_word' id='word_1_207' title='bbox 1047 4071 1180 4135; x_wconf 73' lang='lat' dir='ltr'>Schinae,</span> <span class='ocrx_word' id='word_1_208' title='bbox 1200 4069 1294 4126; x_wconf 83' lang='lat' dir='ltr'>Ladas</span> 
     </span>
    </p>
   </div>
   <div class='ocr_carea' id='block_1_8' title="bbox 236 4168 1296 4350">
    <p class='ocr_par' dir='ltr' id='par_1_9' title="bbox 236 4168 1296 4350">
     <span class='ocr_line' id='line_1_31' title="bbox 236 4168 1296 4248; baseline -0.011 -13"><span class='ocrx_word' id='word_1_209' title='bbox 236 4177 370 4235; x_wconf 81' lang='lat' dir='ltr'>lactentem</span> <span class='ocrx_word' id='word_1_210' title='bbox 383 4176 477 4234; x_wconf 71' lang='lat' dir='ltr'>lacteos</span> <span class='ocrx_word' id='word_1_211' title='bbox 490 4175 521 4232; x_wconf 84' lang='lat' dir='ltr'>in</span> <span class='ocrx_word' id='word_1_212' title='bbox 535 4175 747 4232; x_wconf 80' lang='lat' dir='ltr'>Bacchanalibus</span> <span class='ocrx_word' id='word_1_213' title='bbox 764 4175 873 4248; x_wconf 73' lang='lat' dir='ltr'>Lppsia</span> <span class='ocrx_word' id='word_1_214' title='bbox 891 4173 1013 4231; x_wconf 81' lang='lat' dir='ltr'>amathas</span> <span class='ocrx_word' id='word_1_215' title='bbox 1036 4172 1198 4236; x_wconf 79' lang='lat' dir='ltr'>ludendam,</span> <span class='ocrx_word' id='word_1_216' title='bbox 1227 4168 1296 4226; x_wconf 89' lang='grc'>1530</span> 
     </span>
     <span class='ocr_line' id='line_1_32' title="bbox 236 4275 364 4350; baseline -0.031 -17"><span class='ocrx_word' id='word_1_217' title='bbox 236 4282 278 4346; x_wconf 82' lang='lat' dir='ltr'>(n0</span> <span class='ocrx_word' id='word_1_218' title='bbox 289 4275 364 4350; x_wconf 78' lang='lat'>289).</span> 
     </span>
    </p>
   </div>
   <div class='ocr_carea' id='block_1_9' title="bbox 0 0 1576 5066">
    <p class='ocr_par' dir='ltr' id='par_1_10' title="bbox 0 0 1576 5066">
     <span class='ocr_line' id='line_1_33' title="bbox 0 0 1576 5066; baseline 0 0"><span class='ocrx_word' id='word_1_219' title='bbox 0 0 1576 5066; x_wconf 95' lang='lat' dir='ltr'> </span> 
     </span>
    </p>
   </div>
  </div>
 </body>
</html>
