3142 5066
732 531 910 605 ..aa-.-

387 697 527 763 Fletibus
543 697 687 761 assiduis.
702 697 898 777 singultibus
912 699 967 760 ilia
981 717 1136 780 rumpe...

388 813 483 873 Estne
498 809 591 871 satlsl
603 819 675 881 non,
693 825 767 870 non.
783 808 908 869 Victum
921 810 978 870 tibi
993 815 1080 870 terra
1092 813 1229 886 recuset,

385 919 489 979 Morte
502 917 666 995 repentina
684 935 807 995 pereas.
824 919 891 990 Vae,
903 935 950 977 vae
965 917 1033 991 tibi,
1052 917 1150 980 fallax

387 1028 516 1090 Femina
531 1028 719 1109 sanguineos
738 1027 919 1102 dignissima
933 1045 1063 1105 pascere
1078 1029 1217 1104 tigres...

429 1136 490 1194 Sed
502 1135 607 1194 brevis
619 1141 652 1195 ut
667 1135 775 1195 stricta
789 1135 843 1194 fiat
860 1135 1018 1194 conclusio
1035 1154 1143 1216 pausa,

387 1243 515 1303 Fertilis
530 1245 661 1303 interra
685 1261 801 1320 paucos
816 1251 926 1302 natura
939 1243 1058 1303 creavit

390 1353 472 1417 Quos
485 1353 606 1410 flamma
620 1351 753 1409 intectos
772 1349 885 1408 mulier
900 1351 1053 1410 scelerata
1068 1348 1218 1432 relinquit

349 1453 350 1456 ’
388 1461 541 1519 Vicerunt
555 1459 645 1518 multi
661 1457 819 1530 colubros,
835 1463 995 1534 portenta,
1016 1453 1124 1519 leones

199 1555 201 1562 ’
280 1567 282 1571 ’
391 1567 475 1636 Quos
490 1571 593 1625 tamen
608 1564 766 1624 immundo
783 1563 945 1641 superavit
959 1562 1075 1626 femina
1087 1567 1164 1628 luxu
1175 1559 1197 1629 ¹.

354 1751 444 1835 Quid
460 1751 602 1820 dixisset
617 1751 658 1819 de
682 1750 741 1818 tali
767 1749 915 1818 carmine
941 1751 1220 1840 elegantissimus
1245 1764 1347 1846 poeta

289 1874 347 1966 qui
376 1875 502 1944 nostris
529 1874 739 1965 temporibus
763 1873 968 1942 Samsonem
986 1898 1123 1968 quoque
1145 1874 1279 1947 induxit
1304 1880 1345 1949 de

289 1999 417 2068 femina
432 2003 652 2089 querentem?

355 2125 395 2192 ln
409 2124 517 2194 ’altera
531 2133 646 2194 autem
666 2124 832 2194 oomoedia
851 2124 964 2213 egitur
987 2125 1028 2195 de
1054 2126 1270 2196 adolescente
1291 2128 1349 2219 qui

288 2275 331 2320 ne
354 2251 391 2319 in
415 2252 533 2320 schola
554 2251 661 2341 virgis
677 2250 824 2319 cedatur
849 2250 978 2319 nubere
995 2251 1099 2343 eupit,
1116 2247 1225 2321 invito
1239 2261 1346 2344 patre.

293 2378 403 2448 «Vidi
430 2400 551 2460 unum,
568 2377 729 2467 inquito
755 2375 902 2445 leoninae
929 2377 1098 2446 torvitatis
1126 2378 1348 2468 sanguinario

288 2511 495 2594 praeceptore
529 2499 645 2592 flagris
683 2501 793 2592 primo
832 2511 1059 2587 cruentatum,
1100 2512 1273 2594 postremo
1312 2504 1349 2572 in

287 2627 435 2717 parietes
451 2627 642 2717 impetuose
654 2626 760 2716 jaculi
784 2649 880 2695 more
904 2637 1144 2696 contortum.»
1163 2629 1342 2717 igiturne,

288 2752 399 2844 plagis
413 2751 562 2843 pessime
577 2750 1018 2834 conlectusinhumetur,ut
1032 2751 1090 2836 eit,
1102 2752 1195 2820 ducit
1205 2774 1349 2820 uxorem

291 2879 400 2966 cujus,
417 2885 494 2967 post
512 2875 750 2945 brevissimam
768 2875 1016 2968 ridiculamque
1036 2877 1202 2964 letitiam,
1226 2878 1349 2945 miser-

289 3001 375 3070 rime
390 3003 427 3068 fit
442 3001 603 3070 famulus.

357 3127 453 3194 Uror.
475 3155 491 3190 «
506 3127 577 3195 Has
598 3121 738 3196 clitellas
754 3125 908 3194 humeris
933 3149 1125 3218 superpone
1150 3151 1190 3197 ac
1212 3127 1348 3217 lignum

286 3253 406 3323 venale
427 3253 636 3344 compitatim
651 3254 795 3338 deferas,
819 3276 886 3343 quo
899 3262 1056 3322 nostrum
1069 3253 1205 3345 utrique
1218 3253 1347 3323 victum

343 3463 366 3520 1.
388 3466 422 3521 V.
445 3467 563 3538 Quoque
581 3468 612 3522 B.
635 3468 764 3522 Anselmi
780 3457 997 3540 Qant'uariensis
1012 3483 1127 3524 carmen
1152 3470 1183 3523 in
1210 3470 1346 3524 feminam

289 3565 363 3636 quod
378 3565 479 3620 retulit
493 3567 546 3620 sub
557 3567 613 3620 fine
628 3567 765 3621 Abelordi
781 3566 920 3621 dramatis
933 3565 965 3620 de
979 3567 1115 3623 Remusat.

520 3699 632 3749 Femina
647 3700 723 3750 dulce
736 3699 908 3760 malemein.

288 3824 330 3879 Cf.
344 3826 432 3881 etiam
444 3826 576 3882 Textoris
586 3845 688 3887 ¹versus
703 3846 766 3884 cum
781 3827 931 3900 (iringorii
943 3827 1074 3882 versibus
1094 3845 1101 3882 :

527 3961 636 4012 Femme
651 3967 690 4012 est
703 3961 841 4028 d’iniquite'
854 3963 879 4012 le
890 3965 960 4026 port,

520 4052 631 4101 Femma
646 4057 685 4106 est
695 4051 787 4102 l'eufer
799 4053 844 4102 des
854 4067 917 4115 gens
929 4051 1052 4111 mandis,

520 4140 628 4189 Femme
640 4145 679 4190 est
693 4140 826 4204 l'enuemy
840 4141 872 4190 de
888 4139 975 4205 l’nmy,

520 4228 629 4278 Femme
643 4235 682 4279 est
692 4229 829 4294 sepulchre
842 4229 887 4278 des
899 4229 1032 4288 humains,
1045 4232 1106 4290 etc,
1120 4231 1171 4279 etc.

848 4317 901 4380 (ter
914 4313 1089 4370 contradicta
1099 4331 1171 4382 conae
1180 4318 1277 4381 uoco.)

1554 2462 1566 2538 i
