3142 5066
710 505 889 573 ..46-

739 707 854 766 Terra.

366 870 565 934 Concludam.
581 867 672 929 Licet
685 867 817 928 incertis
835 866 972 927 obnoxia
985 865 1060 927 fatis

366 983 506 1060 Corpora
521 983 553 1039 et
568 979 601 1038 in
613 977 753 1038 modicas
768 977 891 1037 cineres
906 977 1030 1038 abitura
1044 978 1184 1040 caducus

364 1091 404 1151 Et
415 1085 557 1148 mortalis
571 1086 664 1145 homo
678 1083 800 1159 videat;
817 1089 923 1145 tannen
937 1083 1103 1146 immemor
1115 1085 1210 1164 hujus

366 1194 490 1259 Excidii
505 1209 630 1271 semper
644 1190 788 1268 sequitur
800 1190 861 1250 sibi
875 1189 989 1268 noxia..
999 1190 1090 1253 Dixi.

334 1431 418 1500 Haec
448 1423 607 1496 Hominis
635 1424 818 1514 Terraeque
851 1421 956 1491 verba
984 1421 1071 1492 forte
1108 1446 1180 1494 non
1218 1447 1329 1494 unum

268 1553 534 1628 commonehuut
568 1569 733 1619 versuum
768 1546 892 1638 quihus
923 1546 960 1615 in
996 1546 1125 1616 Gallica
1158 1550 1334 1617 Peccatoris

268 1683 410 1750 Hominis
424 1674 542 1746 fabula
554 1673 695 1741 Terram
707 1669 892 1762 alloquitur
905 1671 1137 1742 Adolescens.

470 1927 609 2004 Puisque
624 1926 661 1985 de
678 1924 768 1984 vivre
783 1923 856 2004 n'ay
870 1941 984 2003 espace

470 2036 519 2096 Au
533 2034 634 2095 moins
647 2021 785 2093 souifrez
798 2051 857 2110 quo
869 2051 919 2093 me
932 2033 1057 2094 soulacs

470 2143 558 2203 Pour
576 2157 686 2200 maner
699 2140 762 2200 bon
776 2144 879 2218 temps
893 2139 958 2201 fort
972 2145 1003 2200 et
1016 2139 1128 2203 ferme.

338 2384 406 2456 Sed
420 2382 592 2475 plerisque
605 2381 809 2473 legentium,
826 2382 1026 2452 umbrarum
1044 2405 1170 2473 pompa
1191 2406 1337 2476 praeser·

270 2511 333 2580 tim
358 2509 473 2593 motis,
492 2507 615 2578 merito
645 2516 801 2577 occurret
822 2506 1034 2577 celeberrimi
1055 2516 1168 2600 poetae
1185 2507 1243 2600 qui
1265 2511 1339 2600 jam

270 2636 486 2727 trigesimum
505 2657 638 2704 annum
653 2634 722 2703 isto
744 2634 884 2702 iunctus
900 2641 984 2717 erat,
1001 2637 1048 2702 Dc
1062 2638 1213 2703 matronis
1232 2637 1341 2722 prisce

270 2764 372 2830 oloris
402 2780 552 2828 carmen.
574 2757 706 2829 Villoni
738 2757 831 2829 laudi
862 2757 981 2848 datum
1011 2768 1063 2828 est
1091 2759 1185 2851 quod
1206 2759 1336 2828 fluxam

271 2885 453 2956 homiuum
479 2884 586 2955 vitam
616 2883 770 2977 pulchris
802 2884 959 2955 versibus
993 2886 1234 2977 expresserit:
1260 2889 1339 2979 jure

275 3010 426 3103 quidem,
442 3031 525 3079 nam
552 3009 645 3100 apud
671 3017 791 3100 poetas
805 3009 985 3078 materiem
1004 3020 1145 3102 superat
1166 3033 1253 3102 opus
1273 3034 1337 3081 nec

276 3135 443 3230 quidquid
461 3157 504 3204 ex
530 3135 664 3205 Horatii
693 3135 794 3205 laude
829 3135 1020 3205 detrahitur
1050 3136 1143 3228 quod
1170 3136 1207 3205 iu
1235 3137 1340 3206 simili

275 3268 478 3350 argumento
506 3267 605 3328 notas
632 3258 880 3352 Epicureorum
897 3260 1084 3329 sententias
1103 3261 1227 3331 fidibus
1245 3284 1339 3331 com-

276 3383 419 3454 miserit.
432 3384 507 3453 Hoc
521 3381 612 3464 dato,
624 3405 696 3452 non
710 3391 826 3452 tamen
839 3383 912 3453 fieri
922 3392 1035 3476 potest
1044 3384 1131 3476 'quin
1148 3385 1340 3475 cogitemus

276 3508 463 3592 'Villouem,
481 3515 598 3599 utpote
617 3506 713 3600 prius
728 3507 984 3592 scholasticum,
996 3509 1115 3578 forsan
1128 3509 1223 3580 haud
1238 3511 1341 3580 dissi-

277 3633 370 3704 milis
402 3632 596 3722 argumenti
627 3632 770 3702 latinam
810 3633 1033 3719 oomoediam,
1071 3633 1227 3703 Teutonis
1259 3658 1341 3704 vero

280 3757 448 3829 comoedin
475 3757 706 3849 antiquiorem
730 3767 790 3828 aut
818 3758 1024 3850 spectavisse
1052 3768 1111 3829 aut
1139 3759 1242 3829 etiam
1258 3760 1343 3829 acti-

280 3884 418 3968 tavisse‚
453 3883 570 3975 sicque
592 3884 633 3954 de
665 3884 832 3954 matronis
858 3885 1015 3977 strophas
1038 3885 1249 3978 concepisse.
1267 3886 1342 3969 Quo

280 4012 377 4080 fieret
404 4016 442 4078 ut
478 4008 702 4098 collegiorum
740 4010 916 4080 comoediis
948 4010 1218 4102 pulcherrimum
1252 4011 1343 4080 iuter

281 4133 412 4204 Gallica
424 4133 605 4204 deberetur
620 4156 770 4204 carmen.
787 4132 920 4204 Latinis
933 4133 1027 4204 enim
1039 4134 1235 4225 Graecisque
1249 4133 1342 4205 Villo

280 4257 478 4331 nominihus
493 4259 600 4329 utitur
613 4282 721 4351 quum
734 4259 859 4345 Florae,
874 4259 1111 4351 Archepiadae,
1129 4258 1340 4350 Thaidisque
