3142 5066
715 473 895 540 ..62-

391 632 585 695 Daemonium
599 650 654 692 sua
667 638 768 694 mater
786 634 851 694 filio
870 641 929 696 est.

342 787 432 870 Quid
441 785 552 855 dicam
561 785 602 854 de
612 784 879 878 uxoribusapud
891 786 1228 880 eumdem‘lquarum
1238 812 1343 858 unam

274 914 312 986 in
330 915 427 984 dicto
442 935 505 981 sua
526 911 656 981 ebriam
675 913 801 1004 prodit,
822 914 964 982 alteram
985 913 1021 981 in
1042 914 1197 983 Andrisco
1213 914 1343 984 ebriam

276 1061 412 1132 quoque
423 1060 463 1107 ac
471 1036 620 1105 fustibus
632 1037 675 1106 ad
684 1037 828 1107 meliora
836 1046 1043 1121 revocatam,
1053 1038 1156 1107 aliam
1168 1038 1205 1107 in
1220 1038 1340 1108 eadem

274 1161 443 1234 Andrisoa
457 1160 600 1230 sacrifici
615 1161 825 1246 amatricem,
843 1163 1037 1255 equinoque
1048 1163 1177 1252 tergori
1187 1186 1208 1232 a
1218 1162 1341 1231 marito

275 1313 357 1359 mox
371 1288 534 1371 insutum,
553 1310 593 1357 ac
608 1288 678 1356 sale
693 1311 886 1379 respersam
900 1288 1113 1382 pedibusque
1139 1290 1303 1359 calcatam
1315 1292 1339 1356 ¹.

277 1412 408 1496 Quibus
425 1410 626 1502 spectaculis
642 1411 881 1503 Hieronymita
904 1413 1033 1505 optime
1058 1412 1238 1503 tingendos
1258 1411 1342 1481 ado-

276 1537 481 1607 lescentium
500 1558 615 1605 mores
630 1535 799 1628 jactabat!

322 1821 346 1872 1.
409 1822 587 1873 Brasocorus
598 1821 739 1887 (maritus).
751 1822 922 1886 Prehenditc,
933 1823 1021 1890 ejicite
1034 1824 1102 1873 toras

403 1909 594 1961 Cadaveriuam
608 1910 676 1960 hane
688 1911 823 1961 feminam.
835 1911 993 1962 Moramiuil

405 1996 492 2048 Puro.
507 1997 682 2049 Facessimus.
695 2025 728 2036 -
740 2001 769 2048 B.
784 1999 846 2050 Sine
859 2016 973 2051 remora.
989 2029 1019 2039 -
1033 2002 1065 2052 P.
1080 2003 1252 2053 Facessimus.

407 2086 437 2135 B.
453 2085 549 2136 Efferte
562 2087 641 2151 paulo
654 2087 767 2152 longius,
777 2088 833 2155 jam
847 2090 950 2154 ponite.
960 2118 990 2129 -
1002 2090 1033 2141 P.
1045 2091 1122 2141 Hem.

405 2174 435 2225 B.
449 2174 506 2225 Hoc
518 2180 659 2236 scorteum,
675 2177 812 2230 Bunscotii
824 2177 901 2240 cives,
914 2183 988 2230 tenet

407 2264 473 2313 Mihi
483 2263 611 2315 rebellem
626 2267 826 2333 adulteramque
840 2267 989 2333 conjugem.
1054 2303 1057 2310 ⁴

406 2353 490 2404 Vobis
504 2353 531 2404 in
550 2356 600 2404 hoc
610 2371 689 2420 opere
704 2357 805 2421 tragico
822 2357 970 2422 exemplum
982 2356 1051 2417 dedi,

407 2443 463 2500 Quo
477 2444 588 2509 quisque
604 2445 719 2510 corrigat
729 2461 813 2506 suam,
827 2447 849 2495 si
865 2447 1005 2496 inhonesta
1020 2446 1064 2497 sit.

407 2531 479 2581 Heus
490 2536 519 2582 tu
529 2532 625 2596 puella,
642 2534 734 2583 subsili
745 2539 824 2600 atque
840 2535 955 2585 succine.

407 2618 545 2670 Puoreei.
564 2620 682 2672 Saltabo
696 2623 766 2672 —B.
782 2613 855 2673 S'alta
870 2623 994 2672 alacriter
1010 2627 1036 2672 et
1051 2623 1117 2672 mihi
1132 2623 1250 2672 concine.

407 2707 438 2756 P.
452 2706 487 2758 Ut
500 2709 628 2772 potuerol
639 2733 671 2748 -
682 2709 712 2760 B.
729 2711 795 2760 Cave
807 2711 916 2761 verbulo
928 2712 994 2761 mihi
1008 2711 1113 2762 oceinas

406 2794 464 2845 Nisi
477 2802 506 2846 tu
520 2812 623 2862 quoque
637 2797 696 2847 fieri
709 2799 774 2848 velis
787 2815 848 2850 mox
863 2800 960 2860 ulmea,
973 2801 1047 2852 hem.

406 2883 513 2948 (Cauil.)
530 2886 685 2937 sacrificum
698 2903 791 2938 amans
807 2888 931 2938 uxorcula

501 2974 543 3024 Me
558 2991 611 3026 non
629 2957 732 3027 ldrebat
745 2977 895 3043 conjugem.

411 3061 433 3111 P
460 3096 467 3113 .
487 3062 643 3114 sacrificum
654 3071 705 3117 etc.

409 3151 440 3201 B.
451 3151 526 3201 Nune
538 3151 626 3202 lacera
640 3154 760 3219 salsaque
772 3154 852 3220 jacet.

414 3238 444 3288 Ρ.
462 3239 547 3302 Nunc,
563 3245 613 3292 etc.

409 3329 439 3379 B.
451 3330 540 3380 insuta
553 3330 649 3396 equino
664 3333 772 3397 tergori.

410 3417 442 3468 P.
459 3418 557 3480 insuta,
572 3424 623 3470 eto.

412 3507 443 3557 Β.
458 3506 503 3572 Ut,
521 3523 595 3570 uxor,
611 3510 667 3561 eetl
683 3509 779 3561 Adhuc
793 3511 860 3564 libet
869 3511 1045 3564 moecharierl

410 3595 491 3649 Uxoa
504 3597 543 3662 (in
554 3604 653 3662 reato).
666 3601 753 3650 Proht
769 3602 865 3652 Vivere
877 3603 949 3655 haud
959 3603 1036 3655 libet.
1049 3603 1143 3655 Libeat
1153 3603 1321 3670 hujusmodit

411 3685 439 3735 Si
455 3701 507 3751 qua
519 3687 636 3751 pietatis,
647 3691 669 3740 si
685 3705 737 3754 qua
747 3691 939 3742 misericordiae

409 3775 526 3842 Viscera,
537 3778 588 3827 viri
603 3778 749 3839 Bunscotii,
761 3780 917 3830 succurrite.

409 3864 522 3916 Flectite
535 3867 662 3918 maritum
677 3875 706 3919 ut
718 3868 760 3918 his
772 3868 849 3918 malis
863 3884 905 3918 me
918 3869 1024 3921 liberet.

410 3952 544 4005 Goaoms.
557 3955 663 4020 Sponde
678 3957 775 4007 marito
788 3957 925 4022 obsequia,
939 3958 999 4008 fuxo
1014 3959 1122 4011 liberet.

411 4039 499 4092 Uxoa.
515 4041 557 4092 Me
573 4044 690 4108 spondeo
705 4051 732 4094 et
745 4047 892 4110 respondeo
907 4046 964 4096 viro
976 4047 1032 4096 fore

417 4129 585 4196 Morigeram,
602 4137 651 4183 eto.
666 4135 785 4198 (tandem
799 4134 948 4197 liberatur).

794 4224 944 4288 (Andrisca,
955 4226 1039 4277 Actus
1051 4226 1083 4285 V,
1099 4241 1135 4276 sc.
1148 4225 1227 4288 VIII.)
