3142 5066
658 494 837 564 ...29-

216 669 353 761 scripta,
372 676 474 759 atque
489 666 527 735 in
542 665 679 758 quibus,
692 673 731 734 ut
746 664 864 751 scitur,
881 664 1099 736 Bazoohiana
1112 666 1276 753 eminent,

215 795 326 864 vioem
340 792 561 886 praestabant,
577 800 679 862 antea
692 790 885 884 praesertim
899 791 1045 860 satiricis
1056 792 1276 878 carminibus,

215 928 336 1012 postea
353 917 463 988 vero¹
486 916 702 1010 politioribus
726 916 864 986 circulis
883 925 918 985 at
941 939 1034 986 nunc
1059 916 1191 988 diurnis
1218 941 1277 988 ex-

215 1046 354 1137 pletam.
384 1043 517 1136 Quippe
541 1065 618 1134 quae
640 1041 785 1112 liberam
804 1041 901 1132 vulgi
914 1064 1036 1114 vocem
1062 1042 1274 1130 emittebant,

216 1171 277 1240 sed
290 1170 495 1261 plerumque
508 1167 739 1259 asperioribus
755 1165 919 1237 dicteriis.
1002 1183 1005 1192 ·

280 1297 371 1367 Raro
387 1295 743 1396 scholastici,saepius
766 1303 883 1364 autem
905 1304 1132 1387 preceptores
1157 1296 1278 1396 latina-

213 1444 292 1490 rum
305 1421 501 1493 fabularum
526 1428 684 1491 auctores
704 1429 813 1505 erant,
831 1421 891 1491 sed
905 1428 1061 1490 recentes
1081 1422 1123 1492 ab
1140 1423 1276 1493 adoles-

214 1548 326 1619 centia
343 1557 583 1641 praeoeptores,
606 1548 731 1641 quibus
746 1549 915 1618 turnultus
935 1557 1036 1640 atque
1053 1548 1174 1634 turbae,
1192 1573 1276 1620 con-

212 1675 381 1745 vioiorum
395 1684 430 1744 et
446 1676 627 1767 plagarum
642 1675 804 1768 strepitus
817 1683 897 1744 ante
921 1674 1038 1744 omnia
1055 1675 1235 1767 placebant
1245 1675 1272 1746 ².

212 1800 345 1884 Quibus
373 1809 470 1870 eraut
488 1824 550 1893 pro
575 1801 802 1871 histrionibus
826 1799 1020 1870 scholastici
1047 1799 1106 1890 qui
1124 1800 1275 1870 fabulam
1296 1843 1298 1848 ·

212 1926 315 1995 nimis
340 1949 402 2018 per
432 1949 469 1996 se
494 1929 652 2019 jocosam
682 1928 877 2018 frustraque
907 1925 1114 1997 «visitatam
1139 1925 1182 1996 ad
1212 1949 1275 1995 un·

212 2051 341 2141 guem³
358 2080 375 2116 »
405 2052 604 2143 frequenter
648 2051 778 2121 salibus
822 2050 994 2142 augebant
1040 2073 1083 2119 ax
1118 2059 1273 2143 tempore

210 2176 307 2246 fusis.
334 2176 433 2245 Tales
452 2175 628 2246 oomoediae
652 2175 758 2268 (quod
775 2184 870 2244 extra
893 2175 996 2245 fidem
1026 2197 1101 2244 esse
1124 2175 1272 2268 videtur)

209 2326 307 2372 more
322 2325 362 2372 ac
380 2303 537 2395 ipsorum
565 2312 815 2395 praeceptorum
839 2309 956 2394 utpote
982 2311 1162 2372 auctorum
1188 2325 1274 2394 prae-

213 2429 299 2499 sidio
323 2437 433 2514 tecta,
470 2429 684 2498 Facultatem
714 2429 852 2499 Artium
885 2429 970 2498 adeo
998 2451 1069 2498 non
1097 2428 1272 2498 inimicam

210 2554 392 2638 habebant,
421 2563 459 2622 ut
486 2575 577 2624 anno
609 2556 751 2640 152i‚.«
767 2576 875 2646 quum
899 2555 942 2624 N.
968 2554 1062 2624 Beda
1086 2554 1270 2646 theologiae

209 2667 398 2750 Facultatis
420 2679 582 2772 syndicus
600 2689 742 2771 questus
766 2688 858 2748 esset
882 2680 1009 2749 factam
1029 2679 1093 2749 sibi
1108 2680 1271 2775 injuriam

210 2806 246 2875 in
262 2805 430 2875 oomoedia
449 2805 584 2896 collegii
611 2805 788 2891 Plessiaoi‚
807 2834 823 2870 »
846 2805 1024 2897 tribusque
1049 2806 1182 2876 caeteris
1206 2807 1270 2877 Fa·

210 2929 394 2999 cultatibus
421 2928 535 2998 visum
559 2939 650 2998 essct
668 2929 855 2999 abolendos
883 2952 958 2998 esse
983 2931 1096 3015 ludos,
1129 2932 1270 3001 eosdem
1362 2920 1365 2927 ‘

208 3041 368 3126 Facultas
387 3055 525 3125 Artium
551 3063 661 3125 tutata
682 3055 737 3141 sit,
770 3058 868 3148 cujus
897 3078 1000 3147 opera
1031 3078 1071 3126 ac
1102 3056 1269 3128 beneficio

209 3190 343 3251 tantum
365 3181 407 3250 ab
427 3180 614 3251 Academia
628 3180 804 3250 decretum
819 3190 870 3250 est
888 3209 905 3246 «
920 3190 960 3250 ut
983 3180 1099 3250 nullus
1127 3183 1269 3252 auderet

208 3307 245 3376 in
265 3307 470 3397 sanguinem
494 3307 631 3396 regium
656 3306 807 3377 diceret.
823 3334 840 3370 »
860 3307 997 3378 'Vanam
1012 3314 1102 3375 certe
1119 3307 1269 3399 prohibi-

206 3435 358 3504 tionem!
376 3437 455 3527 Ipsa
470 3435 564 3504 enim
574 3437 727 3506 Navarra
744 3434 928 3527 theologiae
947 3457 1020 3519 arr,
1035 3433 1267 3504 scholasticis-

207 3584 273 3652 que
296 3563 398 3654 plena
419 3562 653 3633 sacerdotibus
687 3561 781 3632 haud
805 3584 883 3631 raro
908 3560 1133 3653 quadraginta
1155 3583 1265 3631 annos

205 3688 309 3772 natis,
324 3688 421 3758 locus
448 3687 509 3758 diu
531 3686 596 3757 fuit
624 3687 771 3777 insignis
788 3686 907 3779 petito,
934 3694 973 3754 nt
994 3684 1141 3769 aiebant,
1169 3686 1265 3775 regio

207 3814 388 3908 sanguine.
416 3813 623 3884 Redundant
635 3811 842 3882 Parisiensis
860 3809 1103 3882 Universitatis
1123 3800 1266 3880 annales

259 4012 284 4068 1.
306 4011 338 4066 In
351 4016 450 4065 octavo
461 4010 571 4065 decimo
582 4011 696 4066 saeculo.

256 4111 283 4168 2.
304 4111 341 4167 V.
358 4109 521 4175 Quicherat,
534 4109 655 4166 Histoire
669 4109 701 4165 dc
716 4106 925 4171 sainte-Barba,
937 4107 1054 4180 passim.

259 4211 285 4266 3.
307 4209 385 4272 But,
399 4208 435 4272 V,
448 4227 477 4281 p.
488 4205 550 4262 783.

259 4307 288 4366 4.
307 4305 487 4382 Bu1.‚v1‚p.
506 4304 565 4360 132.
