3142 5066
776 569 821 585 ..
835 535 865 602 ’8
888 571 933 584 ...

321 687 478 788 ratioque
508 704 738 783 mutuaretur,
769 708 803 768 et
831 723 900 792 qua
927 699 1113 791 aequalium
1144 722 1261 770 mores
1286 710 1388 793 atque

322 831 464 900 allectus
480 829 765 922 exprimerentur.
788 833 913 903 Latino
934 833 1073 925 quidem
1088 855 1247 903 sermone
1266 834 1386 926 saepis-

322 965 408 1034 sime
436 964 562 1058 scripta
589 967 742 1052 fuerunt,
768 969 829 1038 scd
853 991 961 1060 quum
979 968 1113 1059 vigeret
1135 969 1227 1059 apud
1240 969 1382 1054 multos,

320 1099 584 1168 vernacularum
608 1099 728 1187 instar,
749 1101 858 1172 latina
881 1101 1012 1193 lingua.
1039 1102 1117 1171 Non
1132 1101 1207 1170 haec
1221 1101 1328 1192 igitur
1342 1100 1383 1171 ah

320 1233 543 1305 historiarum
557 1235 780 1328 scriptoribus
796 1247 898 1330 atque
915 1239 957 1308 ah
976 1237 1175 1307 hominibus
1195 1237 1383 1328 patriarum

319 1367 511 1439 litterarum
535 1370 699 1441 studiosis
722 1374 916 1463 spernenda
935 1381 1028 1457 sunt,
1054 1371 1249 1464 praescrtim
1276 1394 1385 1464 quum

320 1510 478 1574 veterum
513 1514 694 1575 auctorum
723 1505 781 1597 qui
810 1506 995 1576 vernaculo
1026 1528 1185 1575 sermone
1216 1504 1271 1573 usi
1305 1513 1385 1573 sunt

320 1660 425 1728 opera
453 1638 579 1709 talibus
608 1637 947 1752 subulisaliquando
968 1613 1197 1731 suppleantur
1216 1646 1276 1706 aut
1300 1661 1384 1708 eno·

321 1771 457 1842 dentur.

390 1908 491 1991 Quod
514 1916 631 1978 tamen
646 1932 716 1978 non
732 1909 852 1978 eadem
865 1908 899 1978 vi
914 1908 956 1979 de
978 1906 1137 1977 omnibus
1156 1905 1294 1998 populis
1318 1901 1383 1975 diui

321 2050 448 2134 potest.
481 2042 675 2112 Fatendum
695 2051 746 2112 est
772 2044 876 2113 Italos
895 2043 1097 2134 plerumque
1125 2039 1294 2110 Plautinae
1324 2039 1385 2107 Te-

319 2177 554 2270 rentianaeque
581 2176 767 2247 imitationi
790 2176 1009 2262 inserviisse;
1037 2177 1097 2246 sed
1120 2177 1156 2274 in
1175 2173 1316 2266 Anglia,
1343 2172 1381 2241 in

318 2311 492 2398 Flandria,
524 2311 561 2381 in
589 2311 785 2396 Germania,
820 2334 884 2381 nec
923 2335 994 2381 non
1022 2311 1114 2403 apud
1137 2308 1310 2399 Hispanos
1340 2328 1379 2375 ao

315 2446 507 2536 praesertim
535 2446 627 2536 apud
659 2446 788 2529 Gallos,
819 2445 884 2514 fuit
912 2445 1137 2534 collegiorum
1165 2439 1376 2512 dramatibus

319 2601 375 2648 ars
404 2577 542 2669 propria
568 2601 607 2647 ac
628 2578 801 2669 peculiare
821 2577 1013 2669 ingenium.
1039 2578 1079 2646 In
1100 2598 1168 2668 qua
1194 2582 1266 2644 arte
1292 2571 1380 2643 Galli

317 2713 485 2798 eminent;
504 2736 585 2783 nam
602 2713 701 2782 facile
727 2721 868 2805 apparet
888 2713 930 2782 ah
953 2712 1021 2779 illis
1041 2709 1218 2800 Angliam,
1240 2708 1380 2778 Germa-

316 2846 411 2916 niam
430 2855 532 2939 atque
555 2847 754 2917 Flandriam
778 2870 849 2916 non
873 2846 977 2915 unius
999 2845 1124 2914 fabula
1149 2843 1379 2915 imitationem

316 2982 462 3052 traxisse
479 3005 487 3052 :
508 2981 579 3052 sive
593 2989 764 3050 nostrates
780 2990 911 3050 naturae
927 2979 1064 3050 dotibus
1082 2985 1380 3067 argumentorum·

317 3139 383 3208 que
393 3114 591 3185 inventione
600 3122 814 3206 praestarent,
825 3113 897 3184 sive
907 3112 1007 3181 multi
1020 3121 1214 3181 exterarum
1222 3109 1379 3200 gentium

316 3247 510 3318 scholastici
537 3257 846 3340 praeceptoresque,
877 3270 984 3339 quum
1010 3246 1048 3315 in
1080 3244 1261 3336 parisiensi
1299 3219 1407 3315 aca-⁸

315 3385 429 3458 demia
447 3385 648 3456 commorati
668 3393 796 3470 essent,
820 3393 940 3478 nostra
963 3385 1007 3454 ad
1037 3406 1119 3454 suos
1136 3383 1377 3453 transferenda

314 3521 399 3591 utile
432 3527 465 3588 ct
489 3519 684 3612 jucundum
721 3527 914 3589 censerent.
941 3520 982 3588 In
1011 3517 1122 3587 Gallia
1148 3516 1375 3608 Lutetiaeque,

313 3652 487 3744 praecipua
511 3651 794 3723 scholasticarum
817 3651 1064 3723 comoediarum
1090 3651 1202 3720 sedes.
1226 3650 1326 3732 Quod
1348 3646 1377 3717 si

313 3809 406 3855 nunc
423 3785 616 3878 inquiratur
635 3808 703 3883 quo
723 3795 876 3878 tempore
895 3785 1068 3878 praecipue
1093 3783 1284 3867 floruerint,
1312 3790 1378 3851 sta·

313 3918 376 3987 tim
389 3918 556 3990 Ludovici
572 3918 765 3989 duodecimi
785 3943 933 4010 regnum
949 3929 1116 4004 occurret,
1132 3917 1374 4010 Franciscique

252 4062 257 4071 ’
311 4051 414 4144 primi
428 4074 508 4143 pars
522 4051 627 4145 prior,
645 4052 772 4143 quihus
788 4054 888 4123 annis
898 4054 1094 4124 fabularum
1107 4050 1304 4123 auctoribus
1316 4072 1378 4119 seu

310 4186 574 4258 vernacularum
590 4210 652 4258 seu
666 4187 853 4258 latinarum
879 4187 997 4258 omnia
1019 4209 1182 4258 concessa
1209 4192 1302 4254 sunt.
1323 4183 1378 4253 Ad

311 4318 379 4389 hoo
406 4343 514 4412 quum
538 4330 621 4392 tunc
644 4321 748 4392 etiam
773 4319 897 4394 media
924 4320 1035 4392 aetatis
1062 4318 1239 4391 dramatici
1262 4337 1377 4388 mores
