3142 5066
744 473 922 538 -22-

245 672 246 676 ¹
299 642 488 736 maj0ribus
503 662 605 711 aures
617 649 749 711 vestras
765 662 961 726 oneremus,
978 646 1039 711 oiri
1052 645 1245 730 percelebres,
1261 645 1365 714 talem

299 768 524 862 praecedentis
541 765 667 858 dialogi
682 767 844 858 ponimus
861 767 1151 851 conclusionem,
1169 796 1185 832 »
1208 778 1273 838 eto.

366 892 514 962 Easdem
531 891 573 961 ab
595 890 703 982 ipsius
722 891 852 962 Ravisii
873 891 1049 983 discipulis
1069 901 1163 963 aetas
1178 893 1285 963 luisse
1300 895 1366 963 hoe

301 1019 446 1090 disticho
462 1018 737 1088 demonstratur:

401 1220 453 1279 Sic
469 1219 567 1308 igitur
580 1216 685 1277 clausa
701 1222 748 1277 est
757 1218 881 1293 primae
893 1216 1049 1277 sententia
1064 1217 1188 1276 elassis.

437 1327 506 1386 Hoo
521 1324 683 1404 speculum
696 1324 808 1384 mortis
825 1325 918 1384 lectio
928 1325 1046 1400 prima
1060 1320 1180 1385 dediti.

368 1512 438 1582 Sed
458 1512 631 1604 quomodo
645 1533 700 1579 res
716 1533 752 1579 se
767 1509 921 1593 haberet,
937 1509 1093 1600 pluribus
1108 1531 1148 1578 ao
1170 1507 1253 1577 satis
1273 1509 1363 1579 dilu-

304 1636 377 1706 oide
407 1637 604 1729 explanabit
634 1637 792 1727 dialogus
817 1635 969 1726 quidam,
991 1635 1059 1704 ‘oui
1084 1633 1227 1702 titulus:
1262 1637 1364 1702 Lectio

301 1771 413 1846 quarta
440 1763 604 1841 Navarra,
635 1763 783 1848 Calliope,
806 1771 867 1828 tres
891 1761 1047 1847 discipuli.
1076 1760 1116 1827 ln
1138 1780 1206 1849 quo
1226 1757 1364 1827 enima

302 1886 453 1978 Calliope
469 1908 545 1977 quae
560 1884 700 1974 Prologi
714 1892 828 1975 partes
849 1883 937 1973 gerit
956 1905 1150 1965 monemur,
1177 1880 1363 1973 quotannis

299 2015 485 2096 theatrum,
502 2021 590 2081 stato
610 2012 768 2102 festoque
790 2010 858 2093 die,
881 2010 918 2078 in
933 2009 1117 2080 Navarrioa
1137 2007 1218 2077 aula
1232 2007 1363 2076 exstrui
1404 2079 1407 2086 ,

300 2139 456 2209 cantibus
471 2145 714 2207 resonaturum
728 2144 830 2228 atque
847 2135 948 2227 jocis.

421 2336 548 2397 Gaudeo
564 2336 646 2414 quod
662 2335 781 2396 eithara
796 2334 877 2395 ludit
892 2332 1055 2392 redivivus
1071 2331 1185 2411 Apollo

340 2447 345 2456 '
459 2444 499 2503 Et
516 2442 636 2520 priseos
655 2448 783 2519 reparet
798 2442 888 2502 docta
902 2441 1045 2501 Minerva
1057 2441 1160 2518 jocos.

421 2553 489 2613 Nee
503 2569 553 2610 me
565 2549 678 2627 majori
697 2549 827 2610 titillant
840 2549 953 2626 gaudia
966 2549 1078 2628 plausu

456 2661 525 2721 Nee
539 2659 638 2736 magis
658 2665 769 2735 arguta
788 2659 889 2736 gestio
905 2658 1015 2720 laetitia

422 2769 520 2840 Quam
533 2786 625 2844 quum
638 2767 806 2827 suavidicis
819 2768 910 2827 video
926 2768 1051 2828 resilire
1065 2770 1223 2830 theatrum

462 2875 611 2936 Cautibus
628 2880 659 2935 et
673 2875 787 2952 lepidis
806 2881 917 2936 cuneta
930 2893 1043 2936 sonare
1055 2876 1138 2954 jocis
1146 2875 1169 2937 ³.

372 3065 454 3148 Quae
470 3063 663 3155 spectacula
678 3063 710 3132 ei
725 3064 850 3133 Graeeis
867 3065 972 3155 digna
990 3065 1151 3136 videntur
1165 3089 1273 3158 quum

423 3263 502 3323 Pars
517 3267 609 3322 centu
624 3261 745 3340 tragico
759 3261 855 3322 vilem
867 3263 1046 3342 adspirabat
1058 3266 1096 3326 ad
1110 3265 1242 3340 hircum,

462 3369 575 3429 Dedita
588 3368 723 3430 liventes
735 3389 809 3448 pars
829 3377 896 3432 erat
910 3372 949 3431 ad
964 3373 1087 3435 satiras.

371 3553 539 3623 Carminis
555 3553 648 3624 enim
670 3555 807 3648 legibus
831 3557 997 3649 implioari
1015 3559 1171 3628 solebant
1193 3557 1265 3626 haee
1287 3557 1367 3627 dra-

302 3688 407 3768 mata,
425 3681 581 3770 quamvis
594 3681 688 3752 haud
699 3705 810 3773 panea
827 3691 945 3752 noster
965 3673 1078 3753 soluta
1091 3684 1245 3754 oratione
1263 3682 1367 3774 scrip

305 3805 399 3876 serit.
430 3806 543 3877 Seitur
566 3809 721 3895 Lutetiae,
760 3810 802 3880 ab
832 3810 955 3881 Mediae
986 3811 1111 3882 AEtatis
1139 3809 1363 3903 temporibus,

358 4066 384 4124 1.
405 4067 435 4124 F.
454 4069 513 4125 142.

357 4157 383 4212 2.
405 4157 436 4216 F.
455 4158 515 4218 142.

358 4253 386 4314 3.
407 4257 437 4313 F.
454 4257 498 4313 88.
