3142 5066
445 1449 997 1592 rurnonuorro·

260 2013 377 2096 Quum
396 2011 506 2080 multa
534 2011 575 2082 de
598 2011 799 2082 recentioris
819 2011 943 2080 theatri
972 2009 1163 2101 originibus
1189 2008 1255 2078 dis·

187 2157 305 2240 putata
326 2147 405 2231 sint,
433 2147 646 2218 desideratur
664 2147 909 2222 comoediarum
926 2146 963 2215 in
989 2144 1144 2235 collegiis
1165 2153 1254 2213 acta-

188 2306 267 2351 rum
278 2280 432 2351 historia.
457 2281 549 2363 Quas
572 2280 723 2372 quidem,
741 2281 801 2350 sed
816 2280 853 2350 in
866 2279 1027 2366 transitu,
1043 2277 1199 2349 Merilius
1219 2285 1253 2346 et

187 2415 372 2505 Magninus
385 2414 642 2505 praestringunt.
662 2415 880 2506 Sperandum
900 2421 972 2492 erat
984 2420 1022 2481 ut
1037 2434 1058 2481 a
1072 2409 1250 2502 Magnino,

189 2559 307 2643 utpote
320 2550 522 2620 recentioris
534 2550 658 2619 theatri
674 2550 827 2640 origines
841 2549 1015 2641 copiosius
1031 2547 1252 2639 explicandas

189 2708 367 2778 aggresso,
396 2686 469 2754 haeo
483 2707 563 2778 pars
578 2693 818 2755 consummata
843 2649 1086 2776 disquisitione
1108 2705 1251 2774 percen-

189 2829 346 2890 seretur:
370 2820 430 2889 sed
449 2829 592 2890 manent
614 2821 806 2912 interrupta
820 2829 931 2891 morte
956 2843 1072 2912 opera,
1102 2842 1251 2911 quorum

187 2955 247 3025 vix
263 2953 411 3044 vestigia
425 2955 595 3045 quadam,
624 2954 716 3045 quod
742 2955 785 3024 ad
810 2962 945 3024 nostras
965 2953 1099 3022 fabulas
1115 2953 1249 3037 attinet,

188 3088 225 3157 in
244 3092 368 3158 diercis
387 3092 623 3176 disciplinarum
635 3089 856 3176 pullicorum¹
875 3087 1101 3157 delineantur.
1124 3088 1253 3179 Ingens

190 3223 357 3293 damnum
376 3232 410 3293 et
423 3224 531 3312 totius
556 3224 681 3294 theatri
701 3233 734 3294 et
748 3225 967 3316 peculiariter
981 3225 1106 3295 harum
1120 3224 1253 3294 fabula-

188 3382 267 3442 rum
293 3359 459 3444 historiae,
493 3381 597 3452 quam
626 3382 835 3451 cognoscere
865 3359 1154 3451 operaepretium
1186 3367 1251 3427 cst.

190 3493 258 3561 Diu
273 3493 367 3563 enim
384 3494 521 3586 proprio
538 3495 651 3564 colore
681 3494 889 3579 claruerunt,
907 3496 1036 3565 nedum
1065 3517 1107 3563 ex
1125 3495 1253 3562 Roma-

190 3650 316 3698 norum
330 3629 536 3721 scriptorum
550 3629 742 3699 imitatione
764 3629 865 3699 unice
893 3638 1063 3714 constent,
1080 3637 1119 3698 ut
1132 3626 1254 3719 pleris-

191 3784 257 3853 que
273 3763 422 3848 videtur,
443 3764 506 3856 qui¹
525 3766 566 3835 de
586 3763 655 3832 illis
670 3772 835 3856 tanquam
851 3765 893 3834 de
904 3764 1113 3856 jesuitarum
1127 3771 1254 3852 tragoe-

190 3895 256 3965 diis
282 3897 482 3966 summatim
504 3897 669 3989 cogitant.
697 3899 779 3967 Fuit
804 3899 1018 3969 scholasticis
1044 3897 1255 3972 dramatihus

189 4052 251 4122 per
270 4031 417 4124 longum
439 4040 577 4124 tempus
596 4033 800 4125 formaque
814 4034 902 4104 nihil
921 4034 962 4105 ah
977 4033 1163 4105 Aristotele
1180 4033 1253 4103 Ho-
1271 4041 1273 4045 ’

245 4283 270 4340 1.
291 4243 566 4361 rnn.1sso‚p.ss.
