3142 5066
728 432 952 520 -st-'
1035 531 1039 540 ¹

348 616 410 688 IV.
426 617 598 686 Damnatus
611 617 779 704 Epicurus.
798 653 842 669 -
861 615 903 683 In
925 613 992 684 hoc
1012 615 1169 686 dramme
1189 617 1350 689 Ravisius

286 750 409 812 nutum
443 741 526 814 boni
561 741 676 832 angeli
709 743 946 835 daemonisque
980 743 1109 813 circum
1140 744 1348 815 morientem

283 865 463 937 hominem
477 875 650 938 certamen
667 867 836 960 expressit
859 867 951 960 quod
970 866 1007 937 in
1022 867 1162 938 Gallicis
1184 861 1354 938 Morolito-

284 993 365 1061 tibus
389 991 536 1062 ubilibet
560 1015 600 1062 ac
621 992 813 1084 prasertim
831 992 869 1061 in
892 989 1035 1062 Hominis
1052 996 1233 1082 peccatoris
1252 999 1354 1086 atque

282 1119 316 1186 iu
334 1120 489 1188 domuotu
502 1121 613 1188 cuiun
631 1121 786 1205 questibus
803 1117 921 1189 videre
937 1117 1030 1188 licet.
1062 1117 1350 1204 Suam-fabulam,

283 1241 423 1335 Epicuri
455 1241 610 1329 nomine,
642 1243 751 1314 doctis
767 1271 784 1310 u
807 1243 1056 1337 percelebrium
1078 1243 1233 1314 virorum
1256 1271 1273 1308 a
1289 1267 1349 1314 au·

281 1365 378 1438 ribus
391 1366 530 1438 videtur
553 1347 847 1440 accommodasse:
875 1392 943 1462 quo
967 1377 1084 1440 tamen
1098 1369 1248 1463 Epicuro
1268 1369 1345 1463 qui-

282 1491 366 1561 libet
384 1492 597 1585 voluptarius
613 1493 837 1584 significatur.

351 1616 428 1687 Duo
444 1617 583 1709 Epicuri
601 1617 725 1711 quibus
758 1619 873 1690 anima
887 1627 1146 1690 terreatantum
1168 1620 1279 1690 moles
1300 1628 1351 1689 est

284 1763 360 1811 sese
386 1741 534 1812 invicem
562 1742 605 1812 ad
632 1743 839 1834 suspendam
865 1742 973 1814 vitam
999 1743 1192 1829 hortantur,
1226 1743 1351 1835 quibus

283 1867 442 1938 stimulos
458 1868 552 1939 addit
564 1868 733 1960 Epicurus
751 1868 825 1960 ipse
837 1868 1013 1960 magister.
1029 1870 1127 1938 Tunc
1141 1867 1235 1937 Mors
1251 1867 1350 1938 adve-

284 1993 336 2062 nit
352 1992 556 2064 immortalis
566 2016 625 2064 eos
641 1995 831 2102 admonens
846 1993 982 2079 animoa,
996 1992 1264 2086 propediemque
1279 1995 1349 2062 fato

284 2118 416 2189 cessuri
432 2119 582 2212 Epicuri.
599 2119 765 2190 Attonitis
780 2119 957 2211 discipulis
968 2120 1136 2212 Epicurus
1151 2119 1222 2189 ictu
1239 2117 1350 2189 morbi

280 2243 408 2335 petitus
438 2266 521 2314 mox
548 2245 704 2314 luctante
729 2243 851 2336 spiritu
883 2243 1017 2314 delirat.
1047 2242 1172 2313 Statim
1205 2250 1347 2335 apparet

283 2368 393 2458 nigris
421 2369 532 2440 elatus
562 2369 723 2440 cornibus
752 2370 895 2438 Daemon
910 2367 978 2460 ‚qui
1006 2390 1086 2437 eum
1120 2376 1158 2436 ut
1184 2365 1348 2459 suijuris

285 2494 421 2586 repetit,
439 2495 481 2566 ab
496 2497 632 2588 Angelo
660 2505 777 2566 tamen
800 2496 993 2565 defensum.
1011 2494 1168 2587 Denique
1194 2501 1313 2586 raptus
1329 2512 1350 2561 a

283 2620 451 2693 Damone
464 2622 632 2716 Epicurus
647 2621 859 2692 horrendum
878 2619 915 2689 in
926 2620 1069 2691 modum
1084 2617 1250 2710 queritur,
1269 2617 1346 2701 soli,

282 2747 397 2833 matri,
420 2748 581 2818 omnibus
605 2748 643 2818 in
667 2747 769 2818 terris
796 2745 900 2816 rebus
926 2745 1149 2816 maledicens.
1179 2741 1348 2834 Discipuli

285 2881 402 2943 autem
413 2873 535 2958 territi,
546 2874 679 2966 sibique
694 2867 1346 2943 invicemostendentesdescendentem

285 2998 328 3069 ad
342 2999 478 3069 inferna
489 3000 689 3092 Epicurum,
702 2998 739 3068 in
747 2997 970 3068 solitudinem
987 2996 1038 3065 ire
1055 3002 1177 3088 parant
1190 2990 1349 3084 quamvis

286 3124 336 3194 eis
350 3124 499 3218 plurima
512 3125 663 3196 Mundus
678 3123 894 3218 polliceatur.
914 3123 1036 3214 Neque
1051 3117 1218 3210 theologi,
1235 3136 1348 3208 neque

284 3247 456 3336 doctores,
485 3273 599 3342 neque
624 3249 789 3343 primates
813 3246 1086 3342 gymnasiorum,
1102 3265 1216 3335 neque
1230 3261 1346 3332 reges,

283 3397 395 3467 neque
410 3375 537 3446 summi
557 3375 697 3468 quidem
710 3372 895 3444 Pontifices
911 3393 988 3442 esse
1002 3370 1137 3441 volunt.

381 3576 525 3638 Vidimus
538 3577 577 3638 ad
591 3575 711 3655 stygias
730 3573 902 3654 Epicurum
916 3589 1054 3652 pergere
1069 3571 1222 3631 flammas.

382 3683 475 3746 Felix
486 3702 578 3764 quem
595 3683 717 3745 faciunt
735 3682 839 3744 aliena
854 3678 997 3761 pericula
1012 3683 1148 3742 cautum.

349 3871 508 3944 Eremitae
533 3874 627 3943 fient.
648 3873 737 3944 Nam
763 3869 906 3940 eremita
933 3875 1131 3938 nostrarum
1156 3859 1349 3932 fabularum

254 3997 258 4006 '
283 3995 383 4089 quasi
395 4019 458 4066 rex
475 3994 661 4092 invenitur.
677 3992 833 4066 Paradisi
848 3990 986 4076 atrium,
1008 3987 1168 4060 solitudo.

349 4120 451 4192 Nunc
477 4122 518 4193 de
544 4119 730 4190 certamine
760 4118 852 4188 inter
878 4115 1055 4206 Angelum
1081 4133 1121 4182 ac
1147 4108 1350 4178 Daemonem

280 4247 475 4321 relocantur
490 4254 649 4340 excerpta
661 4245 841 4340 quaedam:
858 4265 899 4314 ea
914 4241 1008 4312 enim
1020 4237 1196 4311 interdum
1209 4233 1350 4303 luerunt
