3142 5066
635 508 814 578 ...81-

193 661 372 736 Cornelius
392 663 539 738 Crocus¹
565 666 625 758 qui
648 690 740 740 anno
771 670 857 740 1535
884 664 1027 756 loscptt²
1055 662 1109 734 sui
1137 656 1258 756 praefa-
1339 645 1342 655 λ

192 789 286 857 tione
311 812 449 859 morum
482 791 685 882 eloquenter
716 816 862 876 causam
899 791 982 882 egit,
1013 798 1115 880 atquc
1149 805 1257 876 quum

193 915 289 986 nullo
315 918 419 986 modo
447 928 591 1009 possent
626 889 862 992 adolescentes
900 920 975 988 sine
1005 916 1097 986 ludis
1125 913 1255 992 vivere,

194 1039 398 1110 christianas
413 1042 578 1112 inducere
593 1045 778 1134 tragoedias
803 1044 931 1128 docuit,
958 1044 1076 1113 doctos
1099 1038 1191 1108 viros
1214 1035 1257 1105 ad

195 1163 320 1236 similia
334 1167 519 1237 cohortans
546 1191 609 1239 suo
634 1170 787 1261 losepho
807 1199 824 1234 ιι
848 1171 891 1239 ad
913 1166 1109 1237 christiana
1134 1165 1257 1255 juven-

192 1291 275 1364 tutis
301 1291 556 1362 institutionem
571 1321 587 1356 ιι
605 1292 786 1385 inscripto.

258 1417 454 1486 Laudandae
471 1427 562 1486 certe
585 1417 723 1512 pietatis
738 1419 775 1487 in
794 1420 1029 1490 adolescentes
1059 1413 1251 1496 hominem,

194 1544 253 1612 sed
271 1567 338 1638 quo
358 1544 510 1638 primum
524 1554 663 1616 auctore
684 1546 911 1636 collegiorum
933 1545 1057 1616 fabulae
1080 1541 1255 1612 tabescere

194 1675 231 1734 ut
244 1666 292 1736 ita
303 1667 415 1737 dicam
431 1679 620 1760 coeperunt,
641 1693 761 1762 quum,
779 1672 939 1762 carpendi
955 1693 1026 1739 non
1044 1671 1118 1760 jem
1140 1683 1255 1736 mores

190 1791 245 1862 bis
257 1801 383 1880 essent,
405 1802 438 1862 et
457 1821 473 1857 ιι
492 1794 607 1882 timor,
622 1794 686 1882 ira,
707 1797 876 1888 voluptas,
896 1794 1061 1888 quidquid
1077 1789 1255 1882 aguntho·

244 1977 269 2033 1.
289 1981 345 2046 Qui
357 1979 714 2051 sarraqiaemsordtdorum
731 1983 875 2038 verboram
895 1980 1048 2036 scribendo
1076 1974 1163 2048 (apud
1178 1971 1253 2042 Gry·
1272 1955 1277 1964 ¹

192 2077 303 2150 phium,
319 2077 408 2147 1548),
426 2080 615 2150 repurgandae
631 2079 662 2134 in
682 2091 763 2136 ιιιι”10
782 2082 885 2138 saeculo
899 2080 997 2136 latinae
1012 2078 1119 2148 linguae
1133 2072 1251 2144 profuit.

243 2177 269 2231 2.
291 2197 304 2229 a
320 2178 465 2233 Comoedia
477 2197 561 2235 sacra
575 2182 622 2235 cui
633 2181 736 2236 titulus
750 2181 866 2254 loseph,
889 2180 924 2234 ad
940 2178 1107 2233 christianae
1115 2177 1254 2245 juventu-

153 2334 157 2343 ,
191 2293 205 2328 a
226 2276 264 2328 tis
277 2276 523 2332 institutionem...
541 2297 617 2333 nunc
632 2280 756 2351 primum
771 2286 799 2333 et
814 2280 922 2350 scripta
943 2283 971 2330 et
986 2277 1063 2329 edita
1082 2290 1133 2344 per
1145 2271 1254 2324 Corne·

190 2391 204 2425 c
225 2373 296 2428 lium
308 2375 428 2432 Crocum
442 2378 653 2431 Amsterodami
666 2377 911 2448 ludimagistrum.
933 2405 967 2418 -
984 2372 1105 2428 Abstine
1127 2387 1176 2424 sus
1196 2384 1253 2420 non

190 2489 204 2524 a
225 2471 280 2526 tibi
293 2471 381 2544 spiro.
398 2476 572 2546 Antverpiac,
588 2474 667 2530 1538.
683 2499 695 2528 s

241 2587 255 2621 ιι
276 2569 347 2624 Acta
367 2587 455 2625 sacras
468 2571 658 2627 dedicationis
678 2573 761 2626 feriis
782 2589 868 2643 quum
885 2577 913 2625 et
934 2569 1127 2640 supplicatum
1144 2570 1197 2625 est,
1214 2562 1250 2616 ob

187 2668 378 2723 clarificatum
405 2669 514 2724 domini
538 2671 607 2724 lesu
634 2688 738 2724 noman
764 2671 841 2724 inter
864 2675 976 2738 gentes,
998 2667 1098 2719 divina
1119 2664 1149 2718 C.
1163 2663 1201 2717 M.
1219 2661 1250 2715 in

186 2765 313 2838 Apbrica
325 2768 478 2822 victoria...
494 2777 559 2840 post
577 2769 746 2823 frustratam
765 2785 798 2822 ac
812 2769 1016 2828 tabescentem,
1038 2763 1181 2832 singulari
1198 2759 1251 2815 Dei

186 2865 288 2936 optimi
297 2865 448 2930 beneficio,
462 2867 604 2921 diutinam
614 2867 772 2922 lutheranae
781 2867 917 2922 baeresios
927 2863 1117 2936 tyrannidem,
1128 2880 1153 2916 a.
1169 2859 1248 2914 1535.

186 2961 279 3033 Egere
290 2964 409 3034 Ingenui
422 2965 630 3020 adolescentuli
646 2973 699 3021 etc.
714 2966 800 3019 Edita
812 2965 851 3020 M.
869 2963 1002 3018 Cornelio
1015 2961 1117 3015 Dolbio
1130 2965 1250 3031 praetore

187 3061 353 3118 orthodoxae
366 3063 433 3116 fidei
448 3064 713 3118 observantissima.
729 3084 742 3116 ι)
806 3123 809 3130 ,

661 3197 780 3248 incitatio

435 3305 492 3356 Eho
507 3304 601 3366 viator,
616 3305 643 3355 ni
655 3306 798 3357 molestum
813 3304 848 3356 sit
859 3304 911 3355 tibi

433 3393 573 3459 Paulisper
586 3394 646 3443 heic
656 3399 743 3444 astare
758 3393 800 3443 vel
813 3393 952 3453 meracior,

366 3550 369 3555 ι
432 3483 564 3534 lambicos
581 3498 670 3550 quaeso
684 3485 734 3533 bos
748 3483 820 3548 legas
835 3482 953 3533 senarios

432 3571 528 3633 Novas,
540 3571 704 3638 voluptatem
719 3587 814 3622 novam
825 3571 870 3636 qui
884 3571 1027 3621 nuntiant.

432 3661 592 3726 Perhendie,
606 3663 672 3711 bora
681 3661 771 3722 tertia,
787 3661 814 3710 in
828 3659 896 3721 foro,
913 3659 990 3709 bonis

430 3749 518 3800 Pubes
530 3751 622 3801 avibus
633 3749 861 3800 AEmstelredama
875 3754 937 3814 aget
951 3761 1062 3808 sacram,

430 3837 596 3904 Novamqne,
612 3853 661 3890 nac
672 3838 755 3889 visam
768 3838 842 3904 prius
855 3837 1027 3898 comoediam

435 3925 528 3988 Sanan,
544 3927 644 3992 lepore,
663 3928 775 3992 argutiis
790 3927 976 3987 bellissimum,

432 4016 542 4066 Veteres
556 4017 602 4066 sed
616 4017 686 4068 absit
701 4017 809 4078 invidia,
821 4032 880 4082 quae
891 4015 1002 4078 tabulas,

432 4103 546 4165 Pudore,
558 4105 697 4169 religione,
711 4104 887 4156 sanctimonia

432 4192 590 4260 Christoque
604 4193 692 4258 dignis
704 4194 790 4246 anteit
802 4192 1007 4243 sermonibus...

432 4283 461 4336 Si
469 4282 602 4354 judicabis
611 4284 640 4335 in
651 4289 726 4340 tuam
741 4285 877 4350 sorerem,
891 4288 921 4336 ut
931 4283 1015 4336 bonas
1122 4318 1138 4346 ,κ
