3142 5066
649 539 694 574 a..
717 499 759 587 69
782 540 828 570 ..a

206 665 291 754 mihi
320 689 601 771 numquamque
641 675 758 769 potins
794 675 909 751 subire
954 671 1130 750 fortunam
1167 689 1270 775 quant

209 807 338 881 diutius
365 805 449 876 huic
477 803 636 873 insistere
668 802 889 895 professioni.
911 804 1009 878 Vade
1037 804 1143 896 igitur
1162 815 1195 875 et
1214 831 1269 877 me

210 933 472 1026 quibuscunque
508 929 671 1020 periculis
700 952 848 1022 expono.
880 931 996 1002 Valeta
1029 932 1203 1002 auditores
1237 941 1271 1002 et

210 1065 403 1152 exspectate
418 1054 475 1122 hic
498 1053 666 1144 tantisper
688 1053 771 1122 dum
784 1054 934 1123 redeam.
962 1082 979 1118 »

274 1185 352 1253 Non
368 1189 420 1250 est
433 1182 508 1249 haec
522 1179 690 1249 oomoedia
709 1201 784 1270 quae
799 1180 943 1251 ridendo
970 1203 1084 1250 mores
1111 1183 1266 1275 castiget,

211 1309 271 1379 sed
281 1305 501 1400 praeceptoris
523 1303 621 1374 ultio.
637 1304 761 1375 Omnia
775 1305 832 1374 hic
846 1304 1036 1376 aulicorum
1047 1307 1131 1379 vitia
1146 1333 1269 1378 nume-

209 1443 340 1518 rantur,
367 1454 438 1502 non
461 1440 532 1501 arte
557 1429 873 1521 Theophrastorum
900 1431 1048 1523 quidem,
1079 1434 1138 1503 sed
1160 1443 1197 1502 ut
1222 1435 1270 1503 ita

194 1560 320 1630 dicam
342 1557 465 1651 peritia
478 1555 629 1626 hominis
655 1578 758 1646 quem
774 1556 951 1626 dialectiea
976 1558 1093 1629 docuit
1118 1561 1269 1652 cujusvis

207 1682 361 1754 materiei
388 1689 502 1773 partes
529 1680 699 1749 subtiliter
722 1680 890 1771 dispicere
916 1705 955 1752 ac
976 1705 1166 1752 recensere.
1185 1685 1269 1753 Mihi
1294 1696 1297 1704 ’

208 1807 350 1878 minime
368 1806 565 1876 mirandum
584 1814 676 1873 esset
702 1806 731 1872 si
755 1805 871 1875 audito
887 1807 946 1876 tali
960 1807 1115 1897 {dialogo
1134 1809 1188 1878 cui
1204 1810 1270 1878 dis-

211 1931 315 2022 cipuli
331 1927 551 2020 plaudebant,
579 1928 784 1998 excessisset
811 1930 943 2000 aulicus
968 1932 1119 2002 fervidus
1143 1934 1206 2018 ira,
1236 1945 1269 2004 et

209 2079 271 2125 rex
285 2056 372 2146 ipse,
400 2054 455 2124 cni
480 2054 516 2123 in
531 2053 596 2123 hac
620 2053 788 2124 comoedia
810 2079 881 2125 non
896 2057 1112 2148 parcebatur,
1139 2084 1270 2152 pronus

187 2235 194 2264 ,,
210 2181 313 2250 fuerit
324 2181 367 2250 ad
386 2180 469 2250 talia
482 2179 613 2272 pnlpita
628 2181 823 2250 evertenda.
853 2201 856 2208 ·

279 2308 466 2374 Sacerdotes.
481 2343 527 2356 -·
541 2304 636 2373 Inest
649 2304 830 2395 Germanis
846 2315 925 2376 ante
944 2309 1148 2393 Lntherum,
1165 2331 1272 2402 quum

211 2431 252 2502 de
263 2429 409 2500 turbidis
418 2427 569 2498 ecclesiae
577 2429 680 2498 rebus
691 2431 892 2522 loquuntur,
907 2432 994 2503 mira
1006 2434 1168 2524 gravitas,
1184 2443 1270 2504 teste
1359 2493 1361 2499 Α

208 2554 454 2648 Vympielingii
470 2553 660 2646 Stylphone
677 2553 804 2646 (ltro),
825 2555 862 2623 in
878 2578 945 2647 qno
961 2555 1082 2647 ignaro
1099 2556 1268 2627 sacerdoti

211 2704 314 2774 quem
333 2702 489 2749 summus
510 2680 665 2771 pontifex
680 2689 826 2772 quatuor
849 2681 1041 2771 praebendis
1057 2682 1198 2752 donavit
1221 2681 1270 2750 sic

206 2808 450 2900 respondetur:
471 2833 488 2870 «
509 2805 756 2875 Sanctissimns
771 2805 886 2891 habet,
909 2814 943 2876 et
956 2829 1037 2876 enm
1050 2807 1176 2876 habere
1189 2831 1269 2899 pro-

209 2934 320 3017 fiteor,
352 2930 603 3024 plenitudinem
626 2930 715 3022 juris
740 2939 774 2998 et
803 2953 974 3000 summam
998 2932 1177 3022 potestatis
1201 2932 1270 3000 lar-

214 3059 341 3150 giendi,
364 3055 610 3141 commutandi,
630 3056 786 3140 tollendi,
807 3056 1045 3148 dispensandi:
1064 3080 1196 3141 verum,
1226 3080 1270 3126 ne

211 3186 300 3255 tude
319 3194 353 3253 te
367 3184 471 3252 stulte
491 3181 661 3273 glorieris,
678 3205 749 3252 non
773 3192 825 3252 est
839 3191 934 3252 tutus
956 3185 1047 3275 apud
1059 3186 1172 3254 Deum
1191 3208 1271 3255 curn

211 3332 278 3400 qno
294 3310 388 3401 Papa
402 3308 577 3398 dispensat
593 3307 666 3375 sine
683 3308 805 3377 oausa¹
824 3330 831 3375 :
850 3335 867 3374 a
885 3309 959 3378 Imo
976 3309 1133 3398 indulget
1145 3311 1270 3380 summi
1288 3383 1290 3387 ,

212 3432 387 3502 Pontificis
416 3432 740 3502 observantissimus
762 3441 881 3501 auctor
907 3433 1076 3503 sacerdoti
1101 3434 1137 3502 in
1168 3457 1271 3526 quem

208 3558 307 3648 plura
320 3556 487 3626 beneficia
506 3559 680 3627 cumulata
699 3564 792 3641 sunt,
810 3557 839 3625 si
851 3557 1035 3656 pauperior
1048 3558 1164 3643 fuerit,
1182 3559 1271 3628 sient

209 3682 433 3774 frigidissima
462 3683 579 3753 hieme
613 3685 729 3776 plnres
759 3682 952 3753 induuntur
987 3684 1151 3753 tunioae2.
1191 3685 1272 3777 Ipsa
1317 3724 1318 3730 κ

265 3906 290 3964 1.
311 3907 441 3980 Stylpho‚
457 3923 496 3964 so.
511 3926 531 3965 1.

262 4005 291 4064 2.
312 4008 439 4060 «Annon
451 4007 504 4062 illa
515 4005 589 4060 mihi
599 4007 782 4064 rationabilis
793 4014 821 4062 et
832 4007 964 4078 legitima
979 4023 1065 4063 eausa
1075 4007 1273 4080 estpluralita·

211 4105 249 4159 tis
269 4106 475 4161 beneficiorum
490 4105 669 4178 possidendas
689 4108 764 4179 qnod
785 4125 842 4163 uno
865 4113 915 4162 aut
938 4107 1049 4162 duobus
1073 4109 1197 4162 enutriri
1220 4126 1273 4162 ne-

211 4221 316 4276 queo...
336 4234 370 4249 ·-
384 4205 439 4271 Qui
454 4213 539 4262 tenue
552 4207 640 4263 habet
653 4213 681 4262 et
696 4207 842 4278 exiguum,
863 4208 990 4281 recipere
1010 4211 1105 4280 potest
1118 4207 1273 4262 secundum

212 4309 241 4359 at
255 4303 324 4359 item
334 4303 452 4361 tertium
466 4323 521 4378 qno
536 4321 568 4364 aa
585 4305 699 4362 felicius
715 4307 815 4362 educet
833 4323 869 4362 na
882 4308 913 4362 in
928 4305 1032 4378 plateis
1046 4304 1208 4361 mendicare
1224 4322 1273 4362 eo·
