3142 5066
716 483 893 550 ..53-

340 647 437 727 Licet
450 657 568 719 tamen
587 644 630 715 ob
644 643 754 712 multa
775 639 900 733 conjici
926 642 1036 734 possit
1063 666 1175 736 neque
1191 646 1335 716 Pontifi-

274 778 370 850 cibus
393 797 504 866 neque
527 770 681 860 Regibus
705 766 910 837 nominatim
932 767 1125 857 pepercisse
1145 769 1335 855 Ravisium,

274 898 400 974 desunt
412 899 450 967 in
464 895 613 966 editione
627 889 763 962 Laberii
780 888 866 957 tales
887 887 1010 972 satirae,
1028 911 1116 980 quse,
1133 899 1171 959 ut
1183 893 1256 982 jam
1271 890 1340 961 dic-

274 1035 352 1096 tum
371 1033 434 1109 est,
452 1020 543 1115 typis
569 1040 659 1088 anno
679 1015 764 1085 1536
784 1013 879 1084 haud
903 1013 1044 1105 impune
1068 1016 1231 1086 mandata
1251 1017 1338 1085 tuis-

276 1162 366 1223 sent.
387 1149 487 1235 Quod
509 1147 538 1215 si
560 1143 658 1215 latini
678 1141 831 1233 cujusvis
852 1139 1093 1231 Aristophanis
1120 1142 1335 1227 comoediam,

277 1286 396 1370 utpote
410 1277 447 1344 in
471 1271 624 1362 collegiis
639 1279 762 1353 actam,
778 1266 916 1358 legendi
941 1267 1084 1358 cupidus
1105 1266 1164 1352 sis,
1182 1277 1338 1359 superest

274 1404 403 1472 Fausto
414 1397 603 1468 Andrelino
619 1395 657 1463 in
676 1391 862 1464 Academia
881 1390 1067 1460 Parisiensi
1081 1392 1267 1482 professori
1290 1401 1338 1461 at·

276 1548 342 1617 que
358 1520 565 1594 aLudovico
581 1517 785 1590 duodecimo
798 1516 955 1586 mercede
974 1516 1155 1600 conducto,
1173 1539 1243 1585 non
1263 1515 1336 1584 sine

275 1671 381 1720 causa
410 1645 647 1727 tribuendusl,
681 1649 910 1732 exaratusque
938 1642 1337 1722 0110111311111111,

279 1773 455 1843 «festivus
476 1793 559 1841 sane
579 1791 619 1838 ae
640 1768 781 1857 elegans
798 1766 850 1858 (ut
871 1765 1003 1835 auctori
1030 1763 1156 1857 placet)
1178 1764 1337 1853 dialogus

277 1922 345 1992 quo
366 1897 468 1968 modo
486 1897 527 1965 P.
548 1894 595 1965 M.
622 1902 702 1986 post
722 1901 871 1961 mortem
890 1890 966 1960 omli
992 1892 1083 1959 fores
1102 1888 1274 1980 pulsando
1297 1887 1339 1956 ah

273 2025 422 2118 Janitore
437 2023 479 2091 D.
498 2021 600 2090 Petro
621 2017 803 2088 intromitti
823 2016 1062 2107 nequiverit.»
1080 2015 1211 2083 Ravisii
1225 2024 1340 2083 tamen

278 2147 360 2218 satis
375 2147 489 2239 ampla
508 2153 664 2237 superest
685 2142 931 2212 comoediarum
944 2141 981 2209 in
1005 2141 1155 2211 diversas
1173 2138 1339 2209 conditio-

277 2295 340 2343 nes
366 2272 569 2364 scriptarnm
598 2269 734 2354 messis,
755 2267 804 2337 ito
832 2277 870 2337 ut
888 2267 1016 2338 satirici
1044 2268 1203 2339 Navarra
1225 2287 1338 2335 mores

276 2398 343 2466 hoc
359 2406 513 2487 tempore
539 2392 785 2485 exprimantur.
809 2390 945 2460 Derisui
969 2400 1066 2462 erant
1094 2402 1175 2461 tunc
1196 2412 1338 2482 praeser-

277 2520 341 2588 tim
356 2520 392 2589 in
410 2518 565 2609 collegiis
590 2516 809 2600 feminarum,
834 2514 1039 2601 aulicorum,
1057 2513 1339 2585 sacerdotum'vi-

279 2647 336 2715 tia.
371 2646 446 2714 Hoc
469 2643 588 2713 ordine
618 2640 775 2710 Textoris
802 2640 936 2732 reliqua
954 2639 1190 2731 inspiciemus,
1215 2637 1338 2708 additis

279 2773 411 2843 duabus
425 2770 557 2840 facetiis
575 2791 651 2861 quae
672 2769 786 2838 solum
809 2777 847 2836 ut
869 2767 979 2837 risum
994 2790 1065 2837 non
1084 2775 1122 2835 ut
1140 2765 1245 2835 bilem
1263 2787 1339 2833 mo-

278 2905 398 2965 verent
412 2903 496 2965 actae
511 2895 664 2963 fuerunt.

345 3024 486 3090 Femina.
505 3059 550 3071 -
570 3019 632 3087 Est
649 3017 705 3086 cui
719 3017 768 3105 ,in
787 3016 947 3087 omnibus
965 3017 1190 3110 collegiorum
1210 3039 1339 3087 comce-

280 3145 346 3216 diis
366 3132 582 3214 maledicitur
606 3141 731 3226 hostis,
753 3142 795 3212 de
816 3163 884 3232 quo
903 3141 999 3211 nulla
1017 3164 1172 3233 unquam
1193 3143 1281 3225 laus,
1298 3141 1340 3208 in

279 3291 384 3361 quem
406 3290 500 3336 nunc
517 3266 587 3336 odii
606 3267 722 3335 lurore
740 3289 834 3334 nunc
849 3265 938 3357 jocis
966 3266 1111 3336 inficetae
1138 3267 1339 3358 plerumque

277 3391 478 3465 rusticitatis
497 3393 534 3461 fit
547 3391 696 3486 impetus
712 3390 898 3462 :feminam
911 3391 998 3461 dico.
1017 3392 1129 3475 Quam
1142 3401 1176 3460 et
1188 3390 1340 3482 puellam

280 3527 316 3588 et
340 3540 486 3588 uxorem
513 3526 546 3586 et
563 3524 709 3585 matrem
727 3524 766 3585 ut
783 3516 960 3610 proprium
988 3515 1166 3585 inimicum
1188 3514 1339 3606 undique

280 3645 494 3715 insectantur
508 3652 747 3736 praeceptores,
764 3666 828 3714 nec
846 3644 933 3714 10110
948 3642 1098 3736 lepidam
1117 3643 1341 3714 ostenderunt

333 3867 358 3925 1.
369 3868 405 3925 V.
418 3875 522 3940 praeter
533 3865 594 3922 Cat.
609 3867 667 3924 Sol.
682 3867 743 3924 hoeo
758 3868 851 3941 ipsius
862 3868 971 3940 dialogi
985 3868 1072 3923 verba
1084 3885 1092 3922 ε
1104 3887 1117 3921 ιι
1128 3866 1185 3924 Jot.
1199 3867 1229 3922 Si
1240 3865 1340 3922 Gallus

278 3967 391 4030 vicerit,
403 3965 433 4020 id
447 3965 522 4037 quod
533 3966 717 4023 abominor...
734 3967 842 4022 Petrus.
857 3968 894 4021 At
906 3966 975 4038 quid
990 3967 1033 4021 101
1045 3966 1160 4020 tandem
1176 3965 1279 4020 incidit
1288 3965 1340 4019 ad·
1363 4031 1364 4036 ἵ

277 4080 378 4120 versus
390 4063 488 4119 Gallos
500 4071 529 4118 01
539 4063 642 4119 horum
653 4065 778 4137 Regeml
789 4064 879 4130 Quem
889 4064 978 4119 rastri
992 4067 1116 4136 majoros
1128 4065 1342 4119 christianissi-

278 4163 320 4218 mi
335 4161 420 4217 titulo
433 4161 617 4227 decorarunt,
628 4163 788 4234 pracsertim
798 4179 886 4233 quum
899 4161 1016 4216 illorum
1027 4161 1171 4234 praesidiis
1181 4163 1300 4217 fatearis
1312 4169 1341 4217 01

278 4259 387 4316 vixisse
397 4264 425 4316 10
435 4265 463 4315 01
472 4257 603 4317 adistam
612 4258 678 4333 plus
688 4276 773 4334 quam
781 4259 962 4334 imperialem
968 4265 1249 4326 coronamevectum,
1261 4280 1274 4314 ι)
1284 4266 1338 4315 etc.
