3142 5066
288 689 449 763 monachi
469 690 707 760 Romanorum
731 689 938 782 scriptorum
952 693 1158 764 memoriam
1177 697 1353 783 tenebant,

289 815 552 906 dramatioaeque
580 813 631 884 rei
649 813 830 906 peritiores
854 824 950 885 erant
970 839 1074 908 quam
1093 828 1132 888 ut
1151 843 1242 892 nova
1262 833 1352 892 certe

290 944 350 1014 sed
364 941 513 1033 quodam
524 939 627 1009 modo
642 938 797 1024 barbara,
820 940 934 1030 qualia
948 951 1029 1011 sunt
1043 943 1082 1011 B.
1100 943 1234 1016 Nicolai
1247 947 1352 1016 mira-

289 1071 377 1154 cula,
395 1067 616 1138 delinearent.
641 1064 691 1133 De
714 1065 921 1136 Hroswithae
938 1067 1117 1138 comoediis
1131 1092 1203 1139 non
1222 1079 1275 1139 est
1294 1071 1351 1140 hio

288 1195 398 1264 locus.
430 1191 510 1276 Sed,
543 1198 621 1260 ante
651 1190 895 1276 Hrcswitham,
936 1215 1044 1283 quum
1077 1203 1156 1286 post
1191 1195 1351 1265 tenebras

181 1411 182 1416 ἵ
288 1342 398 1412 usque
414 1319 457 1388 ad
468 1316 581 1387 Caroli
595 1315 712 1406 Magni
726 1339 875 1408 regnum
889 1318 1028 1404 effusas,
1054 1319 1167 1390 studia
1180 1320 1350 1390 Alcuinus

287 1469 349 1540 per
368 1443 587 1515 Germaniam
602 1465 641 1512 ac
665 1442 811 1512 Galliam
833 1444 992 1514 hortante
1015 1445 1169 1538 principe
1184 1447 1352 1517 restituis-

289 1580 354 1656 set,
379 1592 554 1662 quumque
581 1568 654 1661 ipse
680 1567 823 1638 Carolus
847 1569 971 1639 litteris
996 1571 1125 1640 circum
1143 1573 1353 1664 monasteria
1382 1586 1386 1597 '

288 1696 439 1768 dimissis
473 1694 719 1764 humaniorum
751 1695 1010 1788 disciplinarum
1042 1719 1196 1767 amorem
1223 1698 1351 1790 ubique

287 1823 501 1893 excitasset:
537 1844 645 1912 quum
673 1820 823 1890 Terentii
854 1823 1038 1894 comoedias
1070 1824 1208 1917 propria
1244 1848 1351 1894 manu

285 1948 467 2045 Alcuinus,
494 1955 533 2015 ut
560 1946 721 2031 creditur,
752 1948 1006 2019 emendavisset
1023 1957 1058 2017 et
1085 1949 1351 2042 descripsissetl

287 2097 357 2144 non
371 2073 500 2142 mirum
513 2080 565 2140 est
578 2072 607 2140 si
621 2080 777 2142 veterum
791 2075 930 2143 reficere
943 2075 1077 2167 pulpita
1090 2098 1129 2145 ac
1149 2075 1351 2145 Terentium

286 2200 401 2292 ipsum
415 2200 452 2268 in
464 2221 604 2269 scenam
617 2200 820 2269 redeuntem
833 2210 1025 2270 monstrare
1042 2201 1233 2295 oupiverint
1245 2202 1350 2272 abba-

285 2337 337 2397 tes
349 2326 508 2417 doctique
522 2323 587 2395 viri
598 2324 721 2416 quibus
731 2325 957 2401 informandae
974 2326 1213 2397 adolescentiae
1226 2327 1351 2396 tradita

284 2477 366 2524 cura
383 2453 505 2522 fuerat.
532 2450 639 2544 Cujus
669 2450 719 2519 rei
744 2453 977 2543 conjecturam
992 2453 1101 2537 affert,
1127 2456 1242 2540 dialogi
1265 2457 1349 2522 inter

287 2577 1351 2666 TerentiumcoDelusoremlragmentum,materieinostraevindi-

285 2705 434 2775 candum
454 2712 488 2772 et
499 2702 592 2794 quod
600 2701 637 2770 in
644 2701 828 2771 hominum
836 2724 961 2772 manus
974 2703 1066 2773 dedit
1074 2724 1165 2772 anuo
1181 2703 1286 2772 1849Ξ
1297 2702 1350 2773 vir

284 2827 475 2898 eruditione
512 2833 616 2895 notus
643 2828 852 2913 Morttoipton.
875 2823 965 2894 Huic
988 2826 1081 2894 enim
1098 2825 1346 2917 Mngninoque,

285 2953 441 3047 quamvis
467 2953 509 3022 de
536 2951 646 3044 ipsius
673 2951 786 3044 operis
818 2951 855 3020 in
883 2951 1016 3022 decimo
1046 2953 1172 3022 saeculo
1188 2952 1348 3044 descripti

284 3087 382 3150 aetate
402 3077 591 3168 disputent,
621 3075 732 3167 placet
753 3075 840 3166 (rem
876 3099 948 3145 non
973 3076 1183 3168 exploratam
1210 3076 1349 3167 quidem

273 3205 344 3275 sed
361 3201 595 3293 verisimilem)
609 3201 702 3270 hunc
714 3200 903 3293 dialogum,
920 3201 991 3272 sive
1005 3225 1098 3272 nono
1114 3201 1185 3272 sive
1200 3178 1361 3293 septimo⁸

336 3401 362 3458 l.
383 3402 418 3458 V.
432 3401 544 3467 Guizot,
560 3399 684 3456 Histoire
696 3399 727 3456 de
738 3400 764 3456 lc
774 3399 942 3457 cicittsatioo
960 3416 993 3457 en
1007 3401 1124 3466 Franco,
1132 3397 1248 3465 'Didiea
1265 3397 1345 3465 1869,

283 3501 371 3566 in-80,
386 3506 406 3554 t.
422 3499 456 3564 II,
470 3517 498 3570 p.
515 3496 612 3554 187-8.

334 3600 360 3656 2.
383 3600 533 3670 Froymcnt
550 3595 616 3652 d’an
631 3595 756 3668 dictoque
770 3596 841 3652 latin
855 3596 893 3653 dc
905 3607 949 3653 rxt
959 3596 1036 3653 attola
1049 3604 1125 3654 entre
1142 3597 1255 3654 Ttrencr
1269 3602 1294 3652 et
1309 3613 1347 3654 an

281 3699 398 3771 boaffon,
413 3695 492 3760 1849,
509 3695 589 3750 in·8⁰
603 3699 648 3762 (ex
661 3696 763 3750 latinis
776 3695 847 3751 Mss.
864 3697 939 3751 Bibl.
953 3702 1025 3760 nat..
1041 3707 1072 3751 n⁰
1085 3695 1260 3765 8069).Quod
1274 3713 1346 3768 opus

281 3796 462 3868 Montaiglon
472 3811 548 3849 nono
559 3793 662 3848 saeoulo
676 3795 711 3849 ob
724 3795 856 3849 leoninos
866 3812 966 3850 versus
979 3795 1092 3851 tribuit.
1104 3796 1347 3857 Animadverten-

281 3897 404 3951 domest
417 3895 449 3948 in
461 3891 516 3947 hoo
529 3891 644 3961 dialogo
661 3890 894 3948 hexametrorum
908 3911 1042 3948 versuum
1059 3894 1163 3949 seriem
1178 3893 1348 3948 distieorum

281 3995 370 4049 seriei
385 3991 540 4064 subjungi;
556 4007 623 4044 nam
635 3991 734 4046 eadem
753 3992 915 4048 colluvione
931 3993 1064 4048 Textoris
1076 3992 1179 4048 fabulae
1193 3992 1349 4065 perturba·

280 4093 396 4148 bantur.
416 4089 521 4160 Incipit
535 4087 648 4142 diaticis
663 4089 798 4145 delusor:

466 4223 544 4274 Mitte
559 4223 695 4273 recordari
710 4229 884 4275 monumenta
895 4228 999 4275 vetusta
1013 4225 1130 4288 Terenti,

466 4314 557 4364 Cessas
569 4309 690 4364 ulterius.
703 4314 776 4364 Vada
789 4318 868 4378 poeta
882 4318 966 4376 vetus,
982 4318 1033 4366 etc.
1134 4376 1136 4380 ,
