3142 5066
708 491 887 556 ...28-

262 681 334 743 tem
345 671 430 740 alter
439 669 640 760 Vitiumque
655 663 791 735 induxit
800 663 986 734 Herculem
995 664 1173 743 hortantes
1185 665 1330 760 (iamt,

263 799 312 868 ita
324 807 363 868 ut
376 819 455 866 vere
485 819 528 865 ex
555 791 758 884 antiquitate
785 789 971 860 moralium
998 790 1192 860 dramatum
1219 814 1330 881 genus

263 924 372 1016 repeti
391 922 514 1014 possit.
535 923 671 989 Interea
685 917 898 989 Reuohlinus
919 939 980 985 seu
1000 917 1129 1010 Capnio
1149 919 1332 989 celeberri-

266 1070 360 1118 mam
373 1045 544 1116 Pathelini
559 1044 710 1114 fabulam
725 1065 745 1112 a
760 1041 1227 1136 Gallis‘mutuchcturuttt)
1238 1044 1265 1129 ²,
1284 1045 1333 1115 sic

267 1181 383 1242 tamen
398 1179 436 1239 ut
450 1192 527 1239 eam
541 1168 683 1259 antiquo
695 1166 925 1258 Plautinoque
939 1189 1035 1236 more
1049 1167 1331 1239 circumvestiret.

267 1296 377 1386 Igitur
415 1293 542 1363 talibus
576 1291 666 1362 ludis
700 1291 790 1361 serio
828 1300 868 1359 ut
897 1291 945 1361 ita
977 1292 1088 1362 dicam
1119 1293 1335 1386 impigreque

267 1420 498 1501 incumbebat,
515 1418 657 1490 ineunte
674 1425 770 1488 sexto
787 1417 921 1488 decimo
937 1419 1063 1489 saeculo
1084 1419 1336 1489 Germanorum

268 1554 449 1618 auctorum
464 1543 600 1628 cohors,
618 1541 769 1634 antiquis
795 1541 1004 1612 carminibus
1018 1543 1213 1614 recentiora
1232 1567 1336 1636 argu-

268 1680 387 1744 menta
400 1691 583 1755 exornans,
601 1669 773 1762 utilesque
782 1669 1054 1740 adolescentium
1069 1670 1192 1740 studiis
1207 1670 1337 1741 addens

272 1797 441 1868 stimulos.

339 1922 482 1993 Interim
499 1944 582 1990 vero
610 1920 647 1989 in
668 1919 780 1989 Gallia
799 1919 866 1988 fuit
889 1919 1173 1994 scholasticorum
1200 1921 1335 1991 drama-

274 2059 351 2120 tum
369 2069 492 2140 genus,
518 2046 590 2115 sive
612 2045 654 2114 ob
669 2051 876 2114 vetustatem
890 2045 1033 2136 originis
1048 2046 1139 2139 apud
1153 2054 1335 2131 nostrates,

278 2176 349 2244 sive
378 2173 420 2243 ob
458 2171 621 2274 gallicum
655 2170 847 2262 ingenium,
877 2193 970 2239 nunc
998 2172 1156 2262 quaedam
1186 2172 1338 2242 «mortis

211 2323 214 2330 ·
275 2298 465 2384 meditatio,
483 2326 499 2362 u
517 2319 611 2367 nunc
631 2297 834 2366 facetiarum
857 2296 1106 2387 satirarumque
1142 2298 1333 2389 congeries.

276 2428 365 2498 Nam
393 2448 500 2516 quum
517 2423 705 2493 latinorum
741 2421 926 2494 verborum
967 2422 1148 2512 elegantiae
1175 2423 1338 2493 Germani

276 2552 489 2632 insudarent,
515 2549 637 2634 nostri,
659 2549 767 2619 libero
800 2549 944 2640 impetu,
974 2551 1211 2641 mendosaque
1234 2549 1339 2620 medii

278 2675 341 2746 aevi
368 2675 535 2745 latinitate
569 2682 719 2758 utentes,
750 2673 926 2744 vernaculi
960 2673 1129 2743 sermonis
1162 2674 1338 2745 oomoediis

278 2799 537 2872 aemulabantur.
556 2798 751 2890 Quumque,
767 2796 1066 2889 progredientibus
1086 2797 1186 2868 annis
1199 2822 1342 2869 renova·

278 2933 399 2997 rentur
431 2923 556 3006 studia,
585 2923 710 3015 saepius
734 2924 850 2992 latinae
878 2923 1131 2993 exercitationis
1163 2923 1342 2993 obtentum

279 3051 560 3143 interposuerunt
589 3050 783 3120 scholastici
798 3050 1012 3119 Parisieuses
1034 3059 1073 3118 ut
1102 3050 1242 3119 liberius
1256 3074 1340 3142 prae-

282 3183 437 3268 ceptores
465 3198 559 3261 suos,
577 3176 786 3268 optimates,
815 3177 1008 3246 sacerdotes
1029 3198 1069 3245 ao
1087 3198 1206 3266 regem
1227 3174 1341 3267 ipsum

283 3303 534 3376 cavillarentur.
558 3305 654 3374 Tunc
675 3305 768 3374 enim
788 3327 829 3374 ea
848 3304 1012 3398 dramata,
1043 3303 1155 3374 utrovi
1182 3326 1340 3373 sermone

336 3501 360 3557 1.
383 3521 396 3556 a
410 3501 494 3558 Teste
510 3505 544 3563 C.
561 3502 692 3558 Schmidt
704 3504 734 3558 in
747 3502 899 3574 theologiae
909 3503 1045 3559 facultate
1059 3502 1245 3576 Argentorati
1254 3520 1342 3576 quon-

281 3601 346 3656 dam
356 3602 528 3673 professore,
542 3601 682 3673 doetoque
692 3602 847 3656 dadoenus
860 3601 985 3658 Sturmio
1000 3602 1076 3656 inter
1092 3608 1194 3657 caetera
1203 3601 1343 3673 disquisi-

281 3699 369 3754 tionis
385 3704 501 3753 auotore
512 3701 562 3770 qni
573 3700 644 3754 milri
659 3717 715 3754 uon
725 3701 896 3772 dedignatus
911 3707 954 3755 est
968 3701 1109 3755 scribere:
1127 3699 1195 3754 «En
1209 3696 1287 3763 1512,
1298 3697 1345 3752 Se·

281 3798 395 3852 bastien
408 3797 519 3851 Braudt
532 3799 609 3852 avait
627 3799 681 3853 fait
694 3805 902 3872 representera
915 3798 1100 3870 Strasbourg,
1116 3815 1169 3870 par
1181 3798 1230 3852 des
1239 3800 1343 3868 jeunes

281 3914 363 3967 gens,
380 3913 435 3950 une
449 3901 548 3967 aspere
568 3897 602 3952 de
624 3899 750 3952 comedie
767 3876 857 3952 latine
870 3916 921 3953 sur
934 3897 1055 3952 Hercule
1070 3897 1194 3951 sollicite
1217 3902 1234 3950 a
1247 3896 1276 3950 la
1289 3896 1345 3950 lois

284 4011 337 4067 par
348 3994 377 4047 la
387 3993 478 4048 Vertu
492 4001 521 4049 et
534 3996 563 4048 la
578 3995 713 4069 Volupte.
731 3996 798 4052 Gela
812 4015 848 4052 ue
862 4002 957 4069 paratt
971 4013 1023 4068 pas
1045 3997 1126 4050 avoir
1137 4000 1181 4050 ete
1205 3994 1313 4066 publio.
1330 4013 1343 4048 s

285 4091 399 4158 (Mense
411 4092 507 4164 aprili,
523 4091 613 4161 1876.)

336 4187 365 4244 2.
385 4188 492 4245 Saeaiau
502 4198 739 4262 progymnasmata
750 4193 880 4260 Basileee,
895 4191 975 4258 1498,
986 4185 1065 4249 inda
1082 4192 1122 4246 De
1135 4192 1238 4264 quibus
1249 4196 1281 4246 ut
1292 4191 1347 4245 no·

284 4286 406 4342 tissimis
419 4287 494 4342 nihil
508 4289 677 4346 addendum.
