3142 5066
734 513 919 586 ·-3s-

298 695 549 770 memorantur,
586 685 846 777 disciplinarum
888 683 1023 776 patroni
1059 684 1188 754 laudati
1221 685 1359 754 fuerint.

366 813 513 883 Condita
536 820 651 881 autem
670 810 857 879 Parisiensi
873 809 1071 893 Academia,
1090 807 1212 879 sedita
1231 817 1269 877 ut
1283 809 1357 900 ple-

297 939 396 1030 rique
416 937 699 1008 schclasticorum
722 936 917 1006 sacerdotes
938 934 1133 1020 evaderent,
1150 957 1227 1005 mos
1246 959 1264 1004 e
1284 959 1360 1006 mc-

297 1064 528 1133 nasteriorum
556 1063 683 1133 scholis
713 1062 849 1132 videtur
877 1061 913 1129 in
948 1061 1129 1153 gymnasia
1168 1062 1358 1131 transiisse.

297 1188 453 1257 Primum
467 1187 540 1256 haec
561 1210 657 1257 sacra
677 1186 743 1255 fnit
758 1209 862 1268 cura:
881 1186 940 1255 sed
956 1186 1077 1256 declivi
1092 1187 1241 1278 quodam
1257 1210 1360 1256 cursu

298 1314 341 1384 ad
357 1317 553 1384 Morolttotes
571 1322 715 1382 ventum
734 1321 798 1397 est,
816 1335 892 1403 quae
908 1320 1022 1381 tamen
1038 1313 1110 1397 diu,
1133 1321 1250 1405 utpote
1265 1336 1358 1383 mor-

296 1438 341 1506 tis
354 1446 485 1507 metum
497 1437 714 1521 incutientes,
728 1437 888 1526 religioni
905 1436 1031 1506 auxilio
1047 1438 1199 1506 fuerunt.
1216 1438 1359 1506 Interim

297 1586 405 1655 quum
422 1565 608 1633 vernacula
625 1564 745 1652 lingua
760 1586 780 1632 a
794 1562 900 1632 latina
913 1563 1007 1632 velut
1026 1585 1047 1631 a
1069 1563 1184 1632 fasciis
1199 1563 1358 1633 devolve·

294 1697 402 1773 retur,
412 1692 552 1781 Jamque
571 1688 724 1757 Hilarius
740 1688 880 1780 gallicas
900 1688 1015 1757 latinis
1031 1688 1239 1759 carminibus
1255 1689 1361 1758 canti·

297 1814 393 1883 lenas
411 1815 610 1899 addidisset,
631 1814 731 1906 patrii
747 1813 918 1883 sermonis
938 1814 1122 1884 comoedias
1137 1814 1360 1884 Navarricum

296 1939 517 2030 gymnasium
544 1939 681 2008 admisit
710 1938 836 2030 (1426).
864 1938 1075 2007 Praevalente
1099 1948 1174 2007 tum
1195 1960 1291 2009 sacro
1316 1963 1356 2010 ac

295 2063 384 2131 tristi
417 2072 701 2153 argumentorum
739 2087 877 2155 genere,
927 2063 1124 2133 eminebant
1165 2063 1350 2150 interdum,

295 2190 486 2282 praesertim
504 2191 641 2279 Regum
654 2189 720 2274 die,
741 2189 880 2259 mimica
903 2198 937 2258 et
954 2189 1100 2274 satirica,
1120 2190 1269 2281 antiquae
1285 2191 1354 2260 ori-

294 2313 397 2404 ginis,
419 2313 599 2404 dequibus
619 2342 635 2378 α
654 2314 850 2384 veneranda
871 2314 965 2385 natio
982 2314 1137 2384 Franciae
1154 2341 1169 2378 o
1193 2325 1356 2406 expostu-

293 2439 417 2509 lavisse
429 2439 564 2509 videtur
580 2463 671 2510 anno
689 2443 770 2508 ital
785 2439 809 2507 ¹.

361 2564 517 2654 Denique
542 2564 604 2634 suh
629 2566 696 2633 fine
726 2563 836 2655 quinti
863 2563 985 2634 decimi
1015 2565 1142 2649 saeculi,
1165 2565 1207 2635 ad
1232 2565 1356 2634 latinas

293 2712 411 2758 musas
431 2689 619 2758 studiosius
640 2689 865 2781 remigratum
891 2698 955 2758 est.
979 2689 1071 2757 Talis
1097 2699 1169 2758 erat
1197 2691 1233 2759 in
1247 2690 1356 2761 Gallia

294 2822 403 2882 status
435 2837 563 2898 rerum,
594 2815 711 2883 mixtis
736 2814 909 2900 omnibus,
940 2814 1006 2906 piis
1035 2812 1247 2905 argumentis
1277 2837 1356 2884 cum

289 2940 419 3030 jocosis
435 2940 560 3011 fabulis
584 2941 807 3026 luctantibus,
836 2941 949 3010 soluta
972 2940 1127 3011 oratione
1152 2941 1190 3009 in
1205 2940 1355 3010 carmina

292 3064 500 3150 incurrente,
529 3069 666 3136 tortorio
691 3075 729 3135 ut
748 3066 895 3151 aiebant,
929 3066 1109 3157 elegantiis
1139 3067 1352 3151 adversante,

293 3191 581 3282 vernaculamque
608 3191 787 3261 Bazochiae
820 3192 1046 3283 petulantiam
1065 3192 1240 3262 Ludovicc
1271 3215 1354 3283 rege

293 3312 470 3400 incitante,
489 3315 596 3406 quum
611 3315 770 3385 Ravisius
785 3315 953 3408 apparuit,
977 3315 1035 3405 qui
1051 3315 1168 3384 omnia
1186 3315 1261 3384 haec
1280 3323 1354 3383 tur-

291 3437 380 3508 hidae
392 3440 501 3510 aetatis
511 3442 683 3511 elementa
694 3440 730 3511 in
743 3464 824 3511 suas
837 3441 1019 3512 comecias
1030 3441 1160 3527 retulit,
1171 3442 1352 3534 vividaque

292 3563 392 3632 nohis
407 3566 555 3636 exhibet.

345 3796 369 3854 1.
392 3799 468 3866 But,
482 3801 518 3866 V,
531 3821 560 3875 p.
574 3801 637 3858 560.
