<?xml version="1.0" encoding="UTF-8"?>
<!DOCTYPE html PUBLIC "-//W3C//DTD XHTML 1.0 Transitional//EN"
    "http://www.w3.org/TR/xhtml1/DTD/xhtml1-transitional.dtd">
<html xmlns="http://www.w3.org/1999/xhtml" xml:lang="en" lang="en">
 <head>
  <title>
</title>
<meta http-equiv="Content-Type" content="text/html;charset=utf-8" />
  <meta name='ocr-system' content='tesseract 3.04.00' />
  <meta name='ocr-capabilities' content='ocr_page ocr_carea ocr_par ocr_line ocrx_word'/>
</head>
<body>
  <div class='ocr_page' id='page_1' title='image "./deravisiitextor00massgoog_0034.png"; bbox 0 0 3142 5066; ppageno 0'>
   <div class='ocr_carea' id='block_1_1' title="bbox 639 525 818 592">
    <p class='ocr_par' dir='ltr' id='par_1_1' title="bbox 639 525 818 592">
     <span class='ocr_line' id='line_1_1' title="bbox 639 525 818 592; baseline -0.011 -16"><span class='ocrx_word' id='word_1_1' title='bbox 639 525 818 592; x_wconf 82' lang='lat'><strong>..23.·.</strong></span> 
     </span>
    </p>
   </div>
   <div class='ocr_carea' id='block_1_2' title="bbox 101 694 1259 916">
    <p class='ocr_par' dir='ltr' id='par_1_2' title="bbox 101 694 1259 916">
     <span class='ocr_line' id='line_1_2' title="bbox 195 694 1258 786; baseline 0.001 -16"><span class='ocrx_word' id='word_1_2' title='bbox 195 701 332 772; x_wconf 89' lang='lat' dir='ltr'>Artium</span> <span class='ocrx_word' id='word_1_3' title='bbox 345 697 559 768; x_wconf 85' lang='lat' dir='ltr'>Facultatem</span> <span class='ocrx_word' id='word_1_4' title='bbox 577 694 734 764; x_wconf 91' lang='lat' dir='ltr'>versibus</span> <span class='ocrx_word' id='word_1_5' title='bbox 753 694 878 764; x_wconf 85' lang='lat' dir='ltr'>favisse</span> <span class='ocrx_word' id='word_1_6' title='bbox 901 695 1029 764; x_wconf 91' lang='lat' dir='ltr'>mirum</span> <span class='ocrx_word' id='word_1_7' title='bbox 1043 697 1080 765; x_wconf 93' lang='lat' dir='ltr'>in</span> <span class='ocrx_word' id='word_1_8' title='bbox 1102 700 1258 786; x_wconf 89' lang='lat' dir='ltr'>modum,</span> 
     </span>
     <span class='ocr_line' id='line_1_3' title="bbox 101 820 1259 916; baseline 0 -21"><span class='ocrx_word' id='word_1_9' title='bbox 101 839 102 849; x_wconf 57' lang='lat'>¹</span> <span class='ocrx_word' id='word_1_10' title='bbox 197 826 244 896; x_wconf 91' lang='lat' dir='ltr'>ita</span> <span class='ocrx_word' id='word_1_11' title='bbox 258 835 308 909; x_wconf 90' lang='lat' dir='ltr'>ut,</span> <span class='ocrx_word' id='word_1_12' title='bbox 327 846 382 894; x_wconf 89' lang='lat' dir='ltr'>ars</span> <span class='ocrx_word' id='word_1_13' title='bbox 397 821 520 892; x_wconf 89' lang='lat' dir='ltr'>Phoebi</span> <span class='ocrx_word' id='word_1_14' title='bbox 534 821 658 913; x_wconf 90' lang='lat' dir='ltr'>plausu</span> <span class='ocrx_word' id='word_1_15' title='bbox 684 821 842 907; x_wconf 88' lang='lat' dir='ltr'>fovenda,</span> <span class='ocrx_word' id='word_1_16' title='bbox 863 820 893 889; x_wconf 88' lang='lat' dir='ltr'>si</span> <span class='ocrx_word' id='word_1_17' title='bbox 917 846 1007 891; x_wconf 92' lang='lat' dir='ltr'>unus</span> <span class='ocrx_word' id='word_1_18' title='bbox 1026 823 1083 894; x_wconf 92' lang='lat' dir='ltr'>hio</span> <span class='ocrx_word' id='word_1_19' title='bbox 1103 825 1259 916; x_wconf 81' lang='lat' dir='ltr'>dialogus</span> 
     </span>
    </p>
   </div>
   <div class='ocr_carea' id='block_1_3' title="bbox 197 945 1261 1165">
    <p class='ocr_par' dir='ltr' id='par_1_3' title="bbox 197 945 1261 1165">
     <span class='ocr_line' id='line_1_4' title="bbox 197 945 1261 1043; baseline 0.002 -24"><span class='ocrx_word' id='word_1_20' title='bbox 197 950 436 1043; x_wconf 83' lang='lat' dir='ltr'>inspiceretur,</span> <span class='ocrx_word' id='word_1_21' title='bbox 475 945 648 1039; x_wconf 86' lang='lat' dir='ltr'>praeoipua</span> <span class='ocrx_word' id='word_1_22' title='bbox 688 945 809 1017; x_wconf 86' lang='lat' dir='ltr'>talium</span> <span class='ocrx_word' id='word_1_23' title='bbox 846 949 1119 1038; x_wconf 78' lang='lat' dir='ltr'>spectaculorum</span> <span class='ocrx_word' id='word_1_24' title='bbox 1153 951 1261 1021; x_wconf 86' lang='lat' dir='ltr'>luisse</span> 
     </span>
     <span class='ocr_line' id='line_1_5' title="bbox 199 1073 567 1165; baseline -0.014 -20"><span class='ocrx_word' id='word_1_25' title='bbox 199 1098 302 1145; x_wconf 86' lang='lat' dir='ltr'>eausa</span> <span class='ocrx_word' id='word_1_26' title='bbox 315 1073 424 1146; x_wconf 90' lang='lat' dir='ltr'>videri</span> <span class='ocrx_word' id='word_1_27' title='bbox 438 1080 567 1165; x_wconf 89' lang='lat' dir='ltr'>posset.</span> 
     </span>
    </p>
   </div>
   <div class='ocr_carea' id='block_1_4' title="bbox 283 1269 1114 1674">
    <p class='ocr_par' dir='ltr' id='par_1_4' title="bbox 283 1269 1114 1674">
     <span class='ocr_line' id='line_1_6' title="bbox 283 1269 1114 1352; baseline 0.002 -18"><span class='ocrx_word' id='word_1_28' title='bbox 283 1287 287 1298; x_wconf 82' lang='grc'>’</span> <span class='ocrx_word' id='word_1_29' title='bbox 317 1273 409 1335; x_wconf 87' lang='lat' dir='ltr'>Nunc</span> <span class='ocrx_word' id='word_1_30' title='bbox 423 1271 518 1333; x_wconf 87' lang='lat' dir='ltr'>etiam</span> <span class='ocrx_word' id='word_1_31' title='bbox 533 1269 629 1331; x_wconf 84' lang='lat' dir='ltr'>tantis</span> <span class='ocrx_word' id='word_1_32' title='bbox 642 1276 769 1331; x_wconf 86' lang='lat' dir='ltr'>resonat</span> <span class='ocrx_word' id='word_1_33' title='bbox 785 1273 989 1334; x_wconf 84' lang='lat' dir='ltr'>concentibus</span> <span class='ocrx_word' id='word_1_34' title='bbox 1004 1275 1114 1352; x_wconf 86' lang='lat' dir='ltr'>aether,</span> 
     </span>
     <span class='ocr_line' id='line_1_7' title="bbox 356 1377 1061 1457; baseline 0.003 -17"><span class='ocrx_word' id='word_1_35' title='bbox 356 1381 433 1440; x_wconf 86' lang='lat' dir='ltr'>Tam</span> <span class='ocrx_word' id='word_1_36' title='bbox 446 1379 586 1457; x_wconf 90' lang='lat' dir='ltr'>lepidum</span> <span class='ocrx_word' id='word_1_37' title='bbox 602 1377 724 1457; x_wconf 85' lang='lat' dir='ltr'>spargit</span> <span class='ocrx_word' id='word_1_38' title='bbox 737 1377 841 1440; x_wconf 84' lang='lat' dir='ltr'>fusilis</span> <span class='ocrx_word' id='word_1_39' title='bbox 862 1398 937 1441; x_wconf 87' lang='lat' dir='ltr'>aura</span> <span class='ocrx_word' id='word_1_40' title='bbox 951 1381 1061 1457; x_wconf 87' lang='lat' dir='ltr'>melos,</span> 
     </span>
     <span class='ocr_line' id='line_1_8' title="bbox 317 1485 1065 1565; baseline 0.004 -18"><span class='ocrx_word' id='word_1_41' title='bbox 317 1488 414 1548; x_wconf 87' lang='lat' dir='ltr'>Totus</span> <span class='ocrx_word' id='word_1_42' title='bbox 429 1492 462 1547; x_wconf 91' lang='lat' dir='ltr'>ut</span> <span class='ocrx_word' id='word_1_43' title='bbox 475 1486 507 1545; x_wconf 90' lang='lat' dir='ltr'>in</span> <span class='ocrx_word' id='word_1_44' title='bbox 520 1486 624 1548; x_wconf 85' lang='lat' dir='ltr'>media</span> <span class='ocrx_word' id='word_1_45' title='bbox 635 1485 781 1546; x_wconf 84' lang='lat' dir='ltr'>videatur</span> <span class='ocrx_word' id='word_1_46' title='bbox 793 1486 908 1565; x_wconf 82' lang='lat' dir='ltr'>Apollo</span> <span class='ocrx_word' id='word_1_47' title='bbox 922 1489 1065 1550; x_wconf 83' lang='lat' dir='ltr'>Navarra</span> 
     </span>
     <span class='ocr_line' id='line_1_9' title="bbox 359 1593 971 1674; baseline 0.007 -20"><span class='ocrx_word' id='word_1_48' title='bbox 359 1593 566 1654; x_wconf 85' lang='lat' dir='ltr'>Constituisse</span> <span class='ocrx_word' id='word_1_49' title='bbox 584 1612 647 1654; x_wconf 87' lang='lat' dir='ltr'>suae</span> <span class='ocrx_word' id='word_1_50' title='bbox 659 1593 725 1670; x_wconf 82' lang='lat' dir='ltr'>jam</span> <span class='ocrx_word' id='word_1_51' title='bbox 739 1594 866 1671; x_wconf 85' lang='lat' dir='ltr'>pietatis</span> <span class='ocrx_word' id='word_1_52' title='bbox 881 1614 971 1674; x_wconf 88' lang='lat' dir='ltr'>opus.</span> 
     </span>
    </p>
   </div>
   <div class='ocr_carea' id='block_1_5' title="bbox 242 1780 1263 1875">
    <p class='ocr_par' dir='ltr' id='par_1_5' title="bbox 242 1780 1263 1875">
     <span class='ocr_line' id='line_1_10' title="bbox 242 1780 1263 1875; baseline 0.003 -23"><span class='ocrx_word' id='word_1_53' title='bbox 242 1851 244 1860; x_wconf 75' lang='grc'>,</span> <span class='ocrx_word' id='word_1_54' title='bbox 266 1783 339 1852; x_wconf 89' lang='lat' dir='ltr'>Nos</span> <span class='ocrx_word' id='word_1_55' title='bbox 356 1782 476 1852; x_wconf 90' lang='lat' dir='ltr'>eadem</span> <span class='ocrx_word' id='word_1_56' title='bbox 491 1780 642 1873; x_wconf 88' lang='lat' dir='ltr'>Calliope</span> <span class='ocrx_word' id='word_1_57' title='bbox 658 1781 757 1851; x_wconf 89' lang='lat' dir='ltr'>docet</span> <span class='ocrx_word' id='word_1_58' title='bbox 767 1781 831 1851; x_wconf 93' lang='lat' dir='ltr'>hos</span> <span class='ocrx_word' id='word_1_59' title='bbox 846 1782 946 1852; x_wconf 89' lang='lat' dir='ltr'>ludos</span> <span class='ocrx_word' id='word_1_60' title='bbox 961 1781 1083 1875; x_wconf 89' lang='lat' dir='ltr'>prima,</span> <span class='ocrx_word' id='word_1_61' title='bbox 1101 1786 1263 1872; x_wconf 88' lang='lat' dir='ltr'>secunda,</span> 
     </span>
    </p>
   </div>
   <div class='ocr_carea' id='block_1_6' title="bbox 200 1906 1266 2129">
    <p class='ocr_par' dir='ltr' id='par_1_6' title="bbox 200 1906 1266 2129">
     <span class='ocr_line' id='line_1_11' title="bbox 200 1906 1266 2002; baseline 0 -23"><span class='ocrx_word' id='word_1_62' title='bbox 200 1909 312 1994; x_wconf 91' lang='lat' dir='ltr'>tertia,</span> <span class='ocrx_word' id='word_1_63' title='bbox 331 1933 396 1979; x_wconf 91' lang='lat' dir='ltr'>neo</span> <span class='ocrx_word' id='word_1_64' title='bbox 412 1931 484 1978; x_wconf 93' lang='lat' dir='ltr'>non</span> <span class='ocrx_word' id='word_1_65' title='bbox 506 1915 629 2000; x_wconf 88' lang='lat' dir='ltr'>quarta</span> <span class='ocrx_word' id='word_1_66' title='bbox 646 1906 796 1978; x_wconf 85' lang='lat' dir='ltr'>lectione</span> <span class='ocrx_word' id='word_1_67' title='bbox 819 1907 995 1995; x_wconf 83' lang='lat' dir='ltr'>celebrari,</span> <span class='ocrx_word' id='word_1_68' title='bbox 1020 1918 1122 2002; x_wconf 84' lang='lat' dir='ltr'>atque</span> <span class='ocrx_word' id='word_1_69' title='bbox 1146 1911 1266 1982; x_wconf 90' lang='lat' dir='ltr'>haberi</span> 
     </span>
     <span class='ocr_line' id='line_1_12' title="bbox 203 2030 1248 2129; baseline -0.006 -23"><span class='ocrx_word' id='word_1_70' title='bbox 203 2035 473 2129; x_wconf 86' lang='lat' dir='ltr'>antiquissimos.</span> <span class='ocrx_word' id='word_1_71' title='bbox 1242 2030 1248 2042; x_wconf 83' lang='lat'>&#39;</span> 
     </span>
    </p>
   </div>
   <div class='ocr_carea' id='block_1_7' title="bbox 322 2233 1234 2743">
    <p class='ocr_par' dir='ltr' id='par_1_7' title="bbox 322 2233 1234 2743">
     <span class='ocr_line' id='line_1_13' title="bbox 404 2233 1041 2312; baseline -0.003 -16"><span class='ocrx_word' id='word_1_72' title='bbox 404 2235 559 2312; x_wconf 88' lang='lat' dir='ltr'>Antiquos</span> <span class='ocrx_word' id='word_1_73' title='bbox 573 2239 718 2294; x_wconf 86' lang='lat' dir='ltr'>veterum</span> <span class='ocrx_word' id='word_1_74' title='bbox 734 2250 938 2310; x_wconf 88' lang='lat' dir='ltr'>corrumpere</span> <span class='ocrx_word' id='word_1_75' title='bbox 952 2233 1041 2310; x_wconf 86' lang='lat' dir='ltr'>leges</span> 
     </span>
     <span class='ocr_line' id='line_1_14' title="bbox 361 2339 1082 2418; baseline 0.004 -15"><span class='ocrx_word' id='word_1_76' title='bbox 361 2342 433 2404; x_wconf 90' lang='lat' dir='ltr'>Non</span> <span class='ocrx_word' id='word_1_77' title='bbox 445 2341 521 2402; x_wconf 90' lang='lat' dir='ltr'>licet</span> <span class='ocrx_word' id='word_1_78' title='bbox 537 2348 570 2402; x_wconf 89' lang='lat' dir='ltr'>et</span> <span class='ocrx_word' id='word_1_79' title='bbox 583 2340 693 2401; x_wconf 87' lang='lat' dir='ltr'>solitos</span> <span class='ocrx_word' id='word_1_80' title='bbox 707 2358 789 2400; x_wconf 87' lang='lat' dir='ltr'>nunc</span> <span class='ocrx_word' id='word_1_81' title='bbox 800 2339 937 2418; x_wconf 86' lang='lat' dir='ltr'>sepelire</span> <span class='ocrx_word' id='word_1_82' title='bbox 948 2339 1082 2416; x_wconf 84' lang='lat' dir='ltr'>jocos...</span> 
     </span>
     <span class='ocr_line' id='line_1_15' title="bbox 322 2445 1083 2524; baseline -0.004 -14"><span class='ocrx_word' id='word_1_83' title='bbox 322 2449 370 2510; x_wconf 91' lang='lat' dir='ltr'>Ne</span> <span class='ocrx_word' id='word_1_84' title='bbox 388 2448 498 2510; x_wconf 90' lang='lat' dir='ltr'>solitos</span> <span class='ocrx_word' id='word_1_85' title='bbox 515 2447 644 2508; x_wconf 88' lang='lat' dir='ltr'>videare</span> <span class='ocrx_word' id='word_1_86' title='bbox 659 2446 751 2524; x_wconf 88' lang='lat' dir='ltr'>jocos</span> <span class='ocrx_word' id='word_1_87' title='bbox 767 2445 905 2523; x_wconf 87' lang='lat' dir='ltr'>sepelire</span> <span class='ocrx_word' id='word_1_88' title='bbox 920 2447 1083 2522; x_wconf 75' lang='lat' dir='ltr'>Navarra,</span> 
     </span>
     <span class='ocr_line' id='line_1_16' title="bbox 364 2553 1027 2633; baseline 0.002 -18"><span class='ocrx_word' id='word_1_89' title='bbox 364 2556 582 2633; x_wconf 80' lang='lat' dir='ltr'>MaJ&#39;orumque</span> <span class='ocrx_word' id='word_1_90' title='bbox 598 2572 703 2615; x_wconf 86' lang='lat' dir='ltr'>sacras</span> <span class='ocrx_word' id='word_1_91' title='bbox 725 2553 906 2614; x_wconf 87' lang='lat' dir='ltr'>destituisse</span> <span class='ocrx_word' id='word_1_92' title='bbox 921 2553 1027 2616; x_wconf 83' lang='lat' dir='ltr'>vias...</span> 
     </span>
     <span class='ocr_line' id='line_1_17' title="bbox 323 2661 1234 2743; baseline 0 -19"><span class='ocrx_word' id='word_1_93' title='bbox 323 2663 463 2741; x_wconf 83' lang='lat' dir='ltr'>Surgite,</span> <span class='ocrx_word' id='word_1_94' title='bbox 481 2681 520 2722; x_wconf 89' lang='lat' dir='ltr'>ne</span> <span class='ocrx_word' id='word_1_95' title='bbox 532 2662 672 2743; x_wconf 87' lang='lat' dir='ltr'>priscum</span> <span class='ocrx_word' id='word_1_96' title='bbox 685 2661 849 2722; x_wconf 84' lang='lat' dir='ltr'>videamur</span> <span class='ocrx_word' id='word_1_97' title='bbox 862 2661 1011 2740; x_wconf 85' lang='lat' dir='ltr'>frangere</span> <span class='ocrx_word' id='word_1_98' title='bbox 1024 2678 1155 2738; x_wconf 88' lang='lat' dir='ltr'>morem,</span> <span class='ocrx_word' id='word_1_99' title='bbox 1173 2669 1234 2724; x_wconf 85' lang='lat' dir='ltr'>otc.</span> 
     </span>
    </p>
   </div>
   <div class='ocr_carea' id='block_1_8' title="bbox 205 2866 1271 3084">
    <p class='ocr_par' dir='ltr' id='par_1_8' title="bbox 205 2866 1271 3084">
     <span class='ocr_line' id='line_1_18' title="bbox 269 2866 1270 2960; baseline -0.002 -22"><span class='ocrx_word' id='word_1_100' title='bbox 269 2869 372 2938; x_wconf 89' lang='lat' dir='ltr'>Nuno</span> <span class='ocrx_word' id='word_1_101' title='bbox 387 2867 416 2936; x_wconf 92' lang='lat' dir='ltr'>si</span> <span class='ocrx_word' id='word_1_102' title='bbox 431 2867 603 2959; x_wconf 85' lang='lat' dir='ltr'>quaesierit</span> <span class='ocrx_word' id='word_1_103' title='bbox 618 2867 743 2960; x_wconf 91' lang='lat' dir='ltr'>aliquis</span> <span class='ocrx_word' id='word_1_104' title='bbox 758 2867 795 2936; x_wconf 93' lang='lat' dir='ltr'>in</span> <span class='ocrx_word' id='word_1_105' title='bbox 818 2890 885 2959; x_wconf 92' lang='lat' dir='ltr'>quo</span> <span class='ocrx_word' id='word_1_106' title='bbox 901 2867 1041 2937; x_wconf 91' lang='lat' dir='ltr'>taudem</span> <span class='ocrx_word' id='word_1_107' title='bbox 1061 2867 1150 2936; x_wconf 83' lang='lat' dir='ltr'>festo</span> <span class='ocrx_word' id='word_1_108' title='bbox 1166 2866 1220 2937; x_wconf 91' lang='lat' dir='ltr'>die</span> <span class='ocrx_word' id='word_1_109' title='bbox 1232 2866 1270 2936; x_wconf 93' lang='lat' dir='ltr'>hi</span> 
     </span>
     <span class='ocr_line' id='line_1_19' title="bbox 205 2992 1271 3084; baseline 0.003 -25"><span class='ocrx_word' id='word_1_110' title='bbox 205 2992 294 3078; x_wconf 92' lang='lat' dir='ltr'>ludi,</span> <span class='ocrx_word' id='word_1_111' title='bbox 310 2995 485 3084; x_wconf 89' lang='lat' dir='ltr'>majorum</span> <span class='ocrx_word' id='word_1_112' title='bbox 500 2993 748 3063; x_wconf 89' lang='lat' dir='ltr'>consuetudine</span> <span class='ocrx_word' id='word_1_113' title='bbox 763 2992 863 3078; x_wconf 87' lang='lat' dir='ltr'>sacri,</span> <span class='ocrx_word' id='word_1_114' title='bbox 881 2992 1147 3076; x_wconf 81' lang='lat' dir='ltr'>celebrarentur,</span> <span class='ocrx_word' id='word_1_115' title='bbox 1162 2992 1271 3062; x_wconf 86' lang='lat' dir='ltr'>iaoilis</span> 
     </span>
    </p>
   </div>
   <div class='ocr_carea' id='block_1_9' title="bbox 206 3117 1272 3311">
    <p class='ocr_par' dir='ltr' id='par_1_9' title="bbox 206 3117 1272 3311">
     <span class='ocr_line' id='line_1_20' title="bbox 210 3117 1272 3212; baseline 0.002 -26"><span class='ocrx_word' id='word_1_116' title='bbox 210 3140 252 3187; x_wconf 87' lang='lat' dir='ltr'>ex</span> <span class='ocrx_word' id='word_1_117' title='bbox 268 3118 390 3188; x_wconf 90' lang='lat' dir='ltr'>codem</span> <span class='ocrx_word' id='word_1_118' title='bbox 404 3119 555 3190; x_wconf 87' lang='lat' dir='ltr'>carmine</span> <span class='ocrx_word' id='word_1_119' title='bbox 571 3128 672 3212; x_wconf 90' lang='lat' dir='ltr'>atque</span> <span class='ocrx_word' id='word_1_120' title='bbox 688 3128 727 3188; x_wconf 91' lang='lat' dir='ltr'>ut</span> <span class='ocrx_word' id='word_1_121' title='bbox 746 3118 794 3188; x_wconf 90' lang='lat' dir='ltr'>ita</span> <span class='ocrx_word' id='word_1_122' title='bbox 811 3117 923 3189; x_wconf 87' lang='lat' dir='ltr'>dicam</span> <span class='ocrx_word' id='word_1_123' title='bbox 939 3118 1077 3188; x_wconf 88' lang='lat' dir='ltr'>oraculo</span> <span class='ocrx_word' id='word_1_124' title='bbox 1092 3118 1272 3209; x_wconf 88' lang='lat' dir='ltr'>responsio</span> 
     </span>
     <span class='ocr_line' id='line_1_21' title="bbox 206 3239 354 3311; baseline -0.014 0"><span class='ocrx_word' id='word_1_125' title='bbox 206 3239 354 3311; x_wconf 88' lang='lat' dir='ltr'>dabitur.</span> 
     </span>
    </p>
   </div>
   <div class='ocr_carea' id='block_1_10' title="bbox 288 3422 1136 3824">
    <p class='ocr_par' dir='ltr' id='par_1_10' title="bbox 288 3422 1136 3824">
     <span class='ocr_line' id='line_1_22' title="bbox 328 3422 1033 3499; baseline -0.003 -15"><span class='ocrx_word' id='word_1_126' title='bbox 328 3422 391 3484; x_wconf 81' lang='lat' dir='ltr'>Cur</span> <span class='ocrx_word' id='word_1_127' title='bbox 404 3442 466 3483; x_wconf 91' lang='lat' dir='ltr'>non</span> <span class='ocrx_word' id='word_1_128' title='bbox 481 3423 618 3499; x_wconf 84' lang='lat' dir='ltr'>ridebas,</span> <span class='ocrx_word' id='word_1_129' title='bbox 633 3422 764 3484; x_wconf 84' lang='lat' dir='ltr'>aliarum</span> <span class='ocrx_word' id='word_1_130' title='bbox 776 3440 864 3482; x_wconf 89' lang='lat' dir='ltr'>more</span> <span class='ocrx_word' id='word_1_131' title='bbox 879 3439 1033 3497; x_wconf 88' lang='lat' dir='ltr'>sororum,</span> 
     </span>
     <span class='ocr_line' id='line_1_23' title="bbox 367 3527 1065 3612; baseline -0.003 -22"><span class='ocrx_word' id='word_1_132' title='bbox 367 3531 448 3591; x_wconf 90' lang='lat' dir='ltr'>Dum</span> <span class='ocrx_word' id='word_1_133' title='bbox 463 3529 567 3592; x_wconf 84' lang='lat' dir='ltr'>fuerat</span> <span class='ocrx_word' id='word_1_134' title='bbox 580 3531 696 3612; x_wconf 89' lang='lat' dir='ltr'>lepidis</span> <span class='ocrx_word' id='word_1_135' title='bbox 705 3530 800 3609; x_wconf 85' lang='lat' dir='ltr'>plena</span> <span class='ocrx_word' id='word_1_136' title='bbox 811 3527 953 3593; x_wconf 83' lang='lat' dir='ltr'>Navarra</span> <span class='ocrx_word' id='word_1_137' title='bbox 964 3529 1065 3606; x_wconf 78' lang='lat' dir='ltr'>jocisi</span> 
     </span>
     <span class='ocr_line' id='line_1_24' title="bbox 288 3636 1136 3716; baseline -0.001 -17"><span class='ocrx_word' id='word_1_138' title='bbox 288 3669 325 3688; x_wconf 94' lang='lat'>·-</span> <span class='ocrx_word' id='word_1_139' title='bbox 340 3639 490 3711; x_wconf 80' lang='lat' dir='ltr'>Quandol</span> <span class='ocrx_word' id='word_1_140' title='bbox 504 3673 542 3686; x_wconf 95' lang='lat'>-</span> <span class='ocrx_word' id='word_1_141' title='bbox 556 3640 637 3699; x_wconf 87' lang='lat' dir='ltr'>Dum</span> <span class='ocrx_word' id='word_1_142' title='bbox 651 3639 737 3716; x_wconf 84' lang='lat' dir='ltr'>regis</span> <span class='ocrx_word' id='word_1_143' title='bbox 751 3638 883 3699; x_wconf 89' lang='lat' dir='ltr'>Lodoici</span> <span class='ocrx_word' id='word_1_144' title='bbox 898 3637 1004 3699; x_wconf 91' lang='lat' dir='ltr'>nobile</span> <span class='ocrx_word' id='word_1_145' title='bbox 1020 3636 1136 3699; x_wconf 88' lang='lat' dir='ltr'>festum</span> 
     </span>
     <span class='ocr_line' id='line_1_25' title="bbox 367 3745 1070 3824; baseline 0.001 -18"><span class='ocrx_word' id='word_1_146' title='bbox 367 3746 521 3807; x_wconf 85' lang='lat' dir='ltr'>Traxerat</span> <span class='ocrx_word' id='word_1_147' title='bbox 534 3747 596 3806; x_wconf 90' lang='lat' dir='ltr'>huc</span> <span class='ocrx_word' id='word_1_148' title='bbox 608 3745 722 3808; x_wconf 85' lang='lat' dir='ltr'>tetrica</span> <span class='ocrx_word' id='word_1_149' title='bbox 737 3751 784 3808; x_wconf 92' lang='lat' dir='ltr'>tot</span> <span class='ocrx_word' id='word_1_150' title='bbox 800 3745 955 3824; x_wconf 85' lang='lat' dir='ltr'>gravitate</span> <span class='ocrx_word' id='word_1_151' title='bbox 971 3745 1070 3807; x_wconf 89' lang='lat' dir='ltr'>viros.</span> 
     </span>
    </p>
   </div>
   <div class='ocr_carea' id='block_1_11' title="bbox 211 3931 1276 4274">
    <p class='ocr_par' dir='ltr' id='par_1_11' title="bbox 211 3931 1276 4274">
     <span class='ocr_line' id='line_1_26' title="bbox 276 3931 1276 4027; baseline 0.001 -25"><span class='ocrx_word' id='word_1_152' title='bbox 276 3931 449 4024; x_wconf 91' lang='lat' dir='ltr'>Loquitur</span> <span class='ocrx_word' id='word_1_153' title='bbox 468 3934 525 4004; x_wconf 92' lang='lat' dir='ltr'>hio</span> <span class='ocrx_word' id='word_1_154' title='bbox 540 3934 692 4027; x_wconf 87' lang='lat' dir='ltr'>Calliope</span> <span class='ocrx_word' id='word_1_155' title='bbox 705 3935 746 4005; x_wconf 92' lang='lat' dir='ltr'>de</span> <span class='ocrx_word' id='word_1_156' title='bbox 763 3936 890 4005; x_wconf 85' lang='lat' dir='ltr'>Sancto</span> <span class='ocrx_word' id='word_1_157' title='bbox 905 3934 1081 4012; x_wconf 89' lang='lat' dir='ltr'>Ludovico</span> <span class='ocrx_word' id='word_1_158' title='bbox 1098 3935 1196 4026; x_wconf 88' lang='lat' dir='ltr'>cujus</span> <span class='ocrx_word' id='word_1_159' title='bbox 1211 3935 1276 4004; x_wconf 63' lang='lat' dir='ltr'>fcs⁴</span> 
     </span>
     <span class='ocr_line' id='line_1_27' title="bbox 212 4057 1276 4144; baseline 0.003 -19"><span class='ocrx_word' id='word_1_160' title='bbox 212 4066 299 4141; x_wconf 88' lang='lat' dir='ltr'>tum,</span> <span class='ocrx_word' id='word_1_161' title='bbox 318 4080 360 4126; x_wconf 88' lang='lat' dir='ltr'>ex</span> <span class='ocrx_word' id='word_1_162' title='bbox 374 4057 580 4129; x_wconf 91' lang='lat' dir='ltr'>Parisiensis</span> <span class='ocrx_word' id='word_1_163' title='bbox 598 4060 793 4131; x_wconf 76' lang='lat' dir='ltr'>Academia</span> <span class='ocrx_word' id='word_1_164' title='bbox 807 4061 955 4144; x_wconf 89' lang='lat' dir='ltr'>decreto,</span> <span class='ocrx_word' id='word_1_165' title='bbox 974 4059 1015 4129; x_wconf 88' lang='lat' dir='ltr'>ab</span> <span class='ocrx_word' id='word_1_166' title='bbox 1032 4081 1122 4128; x_wconf 91' lang='lat' dir='ltr'>anno</span> <span class='ocrx_word' id='word_1_167' title='bbox 1140 4060 1225 4128; x_wconf 81' lang='grc'><strong>1369</strong></span> <span class='ocrx_word' id='word_1_168' title='bbox 1239 4058 1276 4128; x_wconf 90' lang='lat' dir='ltr'>in</span> 
     </span>
     <span class='ocr_line' id='line_1_28' title="bbox 211 4183 1276 4274; baseline -0.002 -20"><span class='ocrx_word' id='word_1_169' title='bbox 211 4184 365 4254; x_wconf 87' lang='lat' dir='ltr'>Navarra</span> <span class='ocrx_word' id='word_1_170' title='bbox 402 4183 647 4256; x_wconf 89' lang='lat' dir='ltr'>celebrabatur.</span> <span class='ocrx_word' id='word_1_171' title='bbox 678 4187 753 4256; x_wconf 91' lang='lat' dir='ltr'>Hoc</span> <span class='ocrx_word' id='word_1_172' title='bbox 782 4185 876 4254; x_wconf 88' lang='lat' dir='ltr'>enlm</span> <span class='ocrx_word' id='word_1_173' title='bbox 900 4207 1003 4268; x_wconf 91' lang='lat' dir='ltr'>anno,</span> <span class='ocrx_word' id='word_1_174' title='bbox 1033 4193 1071 4254; x_wconf 97' lang='lat' dir='ltr'>ut</span> <span class='ocrx_word' id='word_1_175' title='bbox 1100 4205 1177 4253; x_wconf 92' lang='lat' dir='ltr'>mos</span> <span class='ocrx_word' id='word_1_176' title='bbox 1199 4184 1276 4274; x_wconf 82' lang='lat' dir='ltr'>lege</span> 
     </span>
    </p>
   </div>
   <div class='ocr_carea' id='block_1_12' title="bbox 214 4307 1277 4493">
    <p class='ocr_par' dir='ltr' id='par_1_12' title="bbox 214 4307 1277 4493">
     <span class='ocr_line' id='line_1_29' title="bbox 214 4307 1277 4403; baseline -0.003 -25"><span class='ocrx_word' id='word_1_177' title='bbox 214 4309 486 4394; x_wconf 83' lang='lat' dir='ltr'>confirmaretur,</span> <span class='ocrx_word' id='word_1_178' title='bbox 518 4312 671 4403; x_wconf 88' lang='lat' dir='ltr'>jusserat</span> <span class='ocrx_word' id='word_1_179' title='bbox 701 4309 900 4394; x_wconf 86' lang='lat' dir='ltr'>Academia,</span> <span class='ocrx_word' id='word_1_180' title='bbox 921 4307 980 4379; x_wconf 90' lang='lat' dir='ltr'>tali</span> <span class='ocrx_word' id='word_1_181' title='bbox 1008 4308 1074 4394; x_wconf 93' lang='lat' dir='ltr'>die,</span> <span class='ocrx_word' id='word_1_182' title='bbox 1101 4308 1143 4378; x_wconf 90' lang='lat' dir='ltr'>de</span> <span class='ocrx_word' id='word_1_183' title='bbox 1168 4307 1277 4378; x_wconf 85' lang='lat' dir='ltr'>saneti</span> 
     </span>
     <span class='ocr_line' id='line_1_30' title="bbox 1167 4444 1182 4493; baseline 0 0"><span class='ocrx_word' id='word_1_184' title='bbox 1167 4444 1182 4493; x_wconf 77' lang='lat'>2</span> 
     </span>
    </p>
   </div>
   <div class='ocr_carea' id='block_1_13' title="bbox 0 0 1631 5066">
    <p class='ocr_par' dir='ltr' id='par_1_13' title="bbox 0 0 1631 5066">
     <span class='ocr_line' id='line_1_31' title="bbox 0 0 1631 5066; baseline 0 0"><span class='ocrx_word' id='word_1_185' title='bbox 0 0 1631 5066; x_wconf 95' lang='lat' dir='ltr'> </span> 
     </span>
    </p>
   </div>
  </div>
 </body>
</html>
