3142 5066
1546 475 1549 684 l

356 617 381 678 O
397 613 501 690 dolor,
518 634 536 676 o
553 615 668 689 rabies,
687 634 705 675 o
719 616 837 676 stridor
852 615 1003 692 dentium,
1019 622 1051 678 et
1064 617 1179 697 ingens
1548 689 1549 698 χ

353 727 482 800 Luctus,
502 730 534 785 ot
547 723 666 785 inferni
678 725 864 785 metuendus
880 725 1018 786 cerneris
1031 728 1160 788 horrori

343 894 394 963 De
422 893 617 963 daemonum
637 915 736 962 eoenu
759 892 817 984 qui
842 901 1027 984 antequam
1050 917 1179 966 mensae
1201 919 1339 968 aecum-

276 1017 359 1090 bent
374 1019 528 1090 eomibus
540 1027 671 1089 certent
683 1018 796 1088 verbis
808 1018 912 1088 etium
921 1042 1032 1110 peuce
1045 1022 1226 1095 referenda
1236 1033 1336 1095 sunt:

656 1216 695 1230 -
706 1181 827 1243 Adeste
842 1184 1007 1243 cerebrum

337 1288 538 1367 Praepinguis
549 1290 694 1350 monaehi
708 1288 761 1367 qui
776 1288 953 1366 relligionis
968 1289 1119 1350 honorem

338 1397 542 1475 spreverit...

338 1537 376 1551 -
391 1505 533 1567 sacrifici
549 1504 649 1566 elixas
664 1497 803 1565 doctoris
817 1503 921 1565 rodite
937 1521 1059 1566 earnes.

336 1646 377 1658 -
392 1613 417 1672 0
433 1631 524 1692 quam
539 1612 630 1673 dulce
646 1611 784 1689 epulum,
801 1612 915 1673 freter!
928 1644 966 1658 -
978 1613 1033 1673 Nil
1047 1630 1181 1692 corpore
1190 1613 1281 1692 pigro

337 1719 508 1781 Doctorum
520 1719 644 1780 melius.
659 1752 697 1765 -
711 1718 861 1780 Mammas
876 1719 1038 1798 deglubite
1051 1720 1143 1798 lenae,
1162 1727 1224 1788 ete.

196 1983 201 1994 ¹
345 1877 426 1946 Haee
447 1878 565 1947 fabula
580 1877 621 1947 de
647 1881 746 1971 eujus
768 1879 900 1968 origine
925 1880 1011 1949 nihil
1032 1880 1142 1951 nobis
1155 1889 1277 1952 notum
1291 1890 1343 1951 est

283 2002 405 2072 eodem
423 2002 477 2072 die
497 2003 541 2095 (si
555 2005 612 2072 rt.
631 2004 753 2074 Clasius
768 2003 891 2097 eredis)
911 2027 979 2096 quo
992 2005 1086 2096 prior
1099 2005 1257 2095 dialogus
1268 2012 1344 2076 note

280 2127 357 2196 luit.
1264 2160 1277 2196 r

350 2323 411 2391 llI.
430 2327 545 2394 Mortis
559 2327 674 2394 odorere
688 2337 940 2428 mortuorumque
955 2329 1110 2415 judicium
1126 2324 1198 2418 (fol.
1213 2325 1284 2417 53).
1299 2364 1344 2376 -

282 2449 377 2517 Inest
394 2449 476 2518 huic
496 2450 620 2519 febulae
634 2450 774 2543 quidam
789 2451 885 2521 ordo.
906 2452 948 2520 In
961 2451 1104 2543 prologo
1123 2450 1274 2520 Mundus
1289 2449 1344 2518 oui

282 2574 447 2644 Liberum
459 2576 649 2646 Arbitrium
666 2577 707 2647 de
721 2577 793 2648 vita
812 2577 1006 2648 consulenti
1019 2574 1253 2646 indesinenter
1270 2598 1344 2644 res-

280 2698 409 2790 pondet
429 2722 437 2769 :
457 2701 587 2793 «Elige
607 2702 773 2794 quidquid
803 2723 898 2793 ugus,
916 2730 933 2765 »
963 2701 1162 2771 libidinibus
1185 2722 1226 2769 ue
1251 2699 1344 2770 vitiis

281 2821 451 2916 indulget,
484 2835 602 2917 utpote
634 2827 776 2896 utilibus
813 2825 1105 2897 admonitionibus
1145 2824 1342 2896 destitutus.

280 2950 300 3019 J
303 2951 565 3048 neosamLiberi
578 2952 719 3022 Arbitrii
731 2973 916 3044 personum
927 2952 964 3021 in
972 2950 1104 3042 gulliois
1112 2952 1345 3021 Moralitotlbus

280 3075 397 3146 videre
407 3075 498 3162 lieet,
514 3099 553 3147 uu
567 3078 756 3169 praesertim
767 3077 859 3168 apud
874 3077 1118 3148 «peccatorem
1129 3073 1341 3146 Hominem»

282 3200 341 3271 ubi
354 3201 520 3272 Liberum
537 3202 726 3272 Arbitrium
740 3203 822 3272 telin
840 3226 847 3273 :

522 3383 601 3444 Situ
616 3384 737 3444 tombes
750 3401 791 3443 ou
805 3383 892 3444 ehois

523 3491 542 3552 J
545 3511 562 3550 e
575 3490 629 3569 n'y
641 3509 726 3551 veux
738 3491 937 3568 regarder...

521 3597 560 3659 Je
575 3597 639 3658 suis
654 3598 763 3674 Roger
776 3597 926 3658 Bontems

523 3705 583 3776 Qui
596 3705 635 3765 de
647 3709 718 3766 tous
734 3704 799 3764 suis
816 3708 954 3778 content,

524 3811 567 3873 Ge
584 3812 635 3893 qui
650 3813 723 3873 t'est
743 3813 807 3873 bon
822 3831 871 3873 me
884 3808 974 3891 plait.

350 3981 443 4052 Mors
457 3980 551 4052 haud
565 3983 674 4053 multo
689 3991 767 4074 post
775 4005 836 4074 per
845 3983 963 4054 orbem
975 3989 1145 4051 terrarum
1157 3985 1345 4071 grassetur.

286 4105 427 4206 Eadem,
446 4106 482 4175 in
497 4106 610 4206 priore
621 4107 727 4200 hujus
746 4106 873 4197 dialogi
893 4115 988 4199 parte
1011 4107 1259 4197 cujuscumque
1277 4101 1348 4170 ior-

285 4238 379 4308 tune
393 4229 553 4308 homines
568 4231 611 4310 sd
624 4232 786 4310 funebres
802 4231 944 4309 choreus
959 4229 1085 4326 adigit:
1107 4228 1145 4298 in
1158 4224 1348 4332 posteriore
