<?xml version="1.0" encoding="UTF-8"?>
<!DOCTYPE html PUBLIC "-//W3C//DTD XHTML 1.0 Transitional//EN"
    "http://www.w3.org/TR/xhtml1/DTD/xhtml1-transitional.dtd">
<html xmlns="http://www.w3.org/1999/xhtml" xml:lang="en" lang="en">
 <head>
  <title>
</title>
<meta http-equiv="Content-Type" content="text/html;charset=utf-8" />
  <meta name='ocr-system' content='tesseract 3.04.00' />
  <meta name='ocr-capabilities' content='ocr_page ocr_carea ocr_par ocr_line ocrx_word'/>
</head>
<body>
  <div class='ocr_page' id='page_1' title='image "./deravisiitextor00massgoog_0095.png"; bbox 0 0 3142 5066; ppageno 0'>
   <div class='ocr_carea' id='block_1_1' title="bbox 761 521 940 594">
    <p class='ocr_par' dir='ltr' id='par_1_1' title="bbox 761 521 940 594">
     <span class='ocr_line' id='line_1_1' title="bbox 761 521 940 594; baseline -0.017 -14"><span class='ocrx_word' id='word_1_1' title='bbox 761 521 940 594; x_wconf 68' lang='grc'>...84-</span> 
     </span>
    </p>
   </div>
   <div class='ocr_carea' id='block_1_2' title="bbox 304 682 1381 2777">
    <p class='ocr_par' dir='ltr' id='par_1_2' title="bbox 313 682 1381 1260">
     <span class='ocr_line' id='line_1_2' title="bbox 318 682 1381 784; baseline 0.004 -24"><span class='ocrx_word' id='word_1_2' title='bbox 318 687 476 784; x_wconf 77' lang='lat' dir='ltr'><strong>quaedam</strong></span> <span class='ocrx_word' id='word_1_3' title='bbox 500 715 518 760; x_wconf 89' lang='lat' dir='ltr'><strong>e</strong></span> <span class='ocrx_word' id='word_1_4' title='bbox 543 687 706 762; x_wconf 78' lang='lat' dir='ltr'><strong>iudicum</strong></span> <span class='ocrx_word' id='word_1_5' title='bbox 733 687 820 758; x_wconf 89' lang='lat' dir='ltr'><strong>libro</strong></span> <span class='ocrx_word' id='word_1_6' title='bbox 840 690 942 759; x_wconf 87' lang='lat' dir='ltr'><strong>ducta</strong></span> <span class='ocrx_word' id='word_1_7' title='bbox 964 683 1122 779; x_wconf 70' lang='lat' dir='ltr'><strong>(l546)¹:</strong></span> <span class='ocrx_word' id='word_1_8' title='bbox 1156 682 1239 760; x_wconf 90' lang='lat' dir='ltr'><strong>hinc</strong></span> <span class='ocrx_word' id='word_1_9' title='bbox 1263 687 1381 764; x_wconf 81' lang='lat' dir='ltr'><strong>multae</strong></span> 
     </span>
     <span class='ocr_line' id='line_1_3' title="bbox 316 813 1380 910; baseline 0.001 -24"><span class='ocrx_word' id='word_1_10' title='bbox 316 817 425 910; x_wconf 91' lang='lat' dir='ltr'><strong>ipsius</strong></span> <span class='ocrx_word' id='word_1_11' title='bbox 446 815 655 908; x_wconf 86' lang='lat' dir='ltr'><strong>Macropodii</strong></span> <span class='ocrx_word' id='word_1_12' title='bbox 679 839 772 885; x_wconf 91' lang='lat' dir='ltr'><strong>nunc</strong></span> <span class='ocrx_word' id='word_1_13' title='bbox 798 837 903 884; x_wconf 88' lang='lat' dir='ltr'><strong>sacrae</strong></span> <span class='ocrx_word' id='word_1_14' title='bbox 925 813 1061 897; x_wconf 88' lang='lat' dir='ltr'><strong>fabulae,</strong></span> <span class='ocrx_word' id='word_1_15' title='bbox 1090 813 1172 883; x_wconf 88' lang='lat' dir='ltr'><strong>hinc</strong></span> <span class='ocrx_word' id='word_1_16' title='bbox 1190 819 1380 907; x_wconf 75' lang='lat' dir='ltr'><strong>praesertim</strong></span> 
     </span>
     <span class='ocr_line' id='line_1_4' title="bbox 315 937 1380 1036; baseline 0.002 -25"><span class='ocrx_word' id='word_1_17' title='bbox 315 941 518 1032; x_wconf 84' lang='lat' dir='ltr'><strong>Buchanani</strong></span> <span class='ocrx_word' id='word_1_18' title='bbox 554 939 678 1033; x_wconf 90' lang='lat' dir='ltr'><strong>Jephte</strong></span> <span class='ocrx_word' id='word_1_19' title='bbox 717 949 820 1032; x_wconf 89' lang='lat' dir='ltr'><strong>atque</strong></span> <span class='ocrx_word' id='word_1_20' title='bbox 846 937 999 1010; x_wconf 86' lang='lat' dir='ltr'><strong>Joannes</strong></span> <span class='ocrx_word' id='word_1_21' title='bbox 1026 938 1181 1029; x_wconf 76' lang='lat' dir='ltr'><strong>Baptista</strong></span> <span class='ocrx_word' id='word_1_22' title='bbox 1208 939 1380 1036; x_wconf 78' lang='lat' dir='ltr'><strong>(raas-ts)</strong></span> 
     </span>
     <span class='ocr_line' id='line_1_5' title="bbox 315 1061 1376 1158; baseline 0.001 -23"><span class='ocrx_word' id='word_1_23' title='bbox 315 1067 439 1158; x_wconf 90' lang='lat' dir='ltr'><strong>quibus</strong></span> <span class='ocrx_word' id='word_1_24' title='bbox 458 1067 494 1136; x_wconf 93' lang='lat' dir='ltr'><strong>in</strong></span> <span class='ocrx_word' id='word_1_25' title='bbox 509 1066 653 1136; x_wconf 87' lang='lat' dir='ltr'><strong>Galliam</strong></span> <span class='ocrx_word' id='word_1_26' title='bbox 667 1063 866 1135; x_wconf 83' lang='lat' dir='ltr'>reducimur</span> <span class='ocrx_word' id='word_1_27' title='bbox 879 1069 982 1154; x_wconf 89' lang='lat' dir='ltr'><strong>atque</strong></span> <span class='ocrx_word' id='word_1_28' title='bbox 1002 1063 1045 1132; x_wconf 88' lang='lat' dir='ltr'><strong>ad</strong></span> <span class='ocrx_word' id='word_1_29' title='bbox 1063 1061 1169 1154; x_wconf 83' lang='lat' dir='ltr'><strong>hujus</strong></span> <span class='ocrx_word' id='word_1_30' title='bbox 1187 1079 1279 1134; x_wconf 66' lang='lat' dir='ltr'><strong>curta</strong></span> <span class='ocrx_word' id='word_1_31' title='bbox 1300 1081 1376 1136; x_wconf 86' lang='lat' dir='ltr'><strong>me·</strong></span> 
     </span>
     <span class='ocr_line' id='line_1_6' title="bbox 313 1189 421 1260; baseline 0.019 -2"><span class='ocrx_word' id='word_1_32' title='bbox 313 1189 421 1260; x_wconf 83' lang='lat' dir='ltr'><strong>tam¹.</strong></span> 
     </span>
    </p>

    <p class='ocr_par' dir='ltr' id='par_1_3' title="bbox 304 1309 1376 2777">
     <span class='ocr_line' id='line_1_7' title="bbox 382 1309 1374 1402; baseline 0 -20"><span class='ocrx_word' id='word_1_33' title='bbox 382 1314 513 1383; x_wconf 90' lang='lat' dir='ltr'><strong>Notum</strong></span> <span class='ocrx_word' id='word_1_34' title='bbox 532 1322 584 1382; x_wconf 87' lang='lat' dir='ltr'><strong>est</strong></span> <span class='ocrx_word' id='word_1_35' title='bbox 599 1313 705 1382; x_wconf 83' lang='lat' dir='ltr'><strong>fuisse</strong></span> <span class='ocrx_word' id='word_1_36' title='bbox 725 1320 808 1380; x_wconf 87' lang='lat' dir='ltr'><strong>tunc</strong></span> <span class='ocrx_word' id='word_1_37' title='bbox 825 1310 990 1402; x_wconf 87' lang='lat' dir='ltr'><strong>temporis</strong></span> <span class='ocrx_word' id='word_1_38' title='bbox 1008 1309 1202 1401; x_wconf 74' lang='lat' dir='ltr'><strong>Burdigala</strong></span> <span class='ocrx_word' id='word_1_39' title='bbox 1225 1312 1374 1382; x_wconf 88' lang='lat' dir='ltr'><strong>clarissi-</strong></span> 
     </span>
     <span class='ocr_line' id='line_1_8' title="bbox 312 1433 1376 1530; baseline 0.001 -24"><span class='ocrx_word' id='word_1_40' title='bbox 312 1461 409 1507; x_wconf 92' lang='lat' dir='ltr'><strong>mum</strong></span> <span class='ocrx_word' id='word_1_41' title='bbox 424 1438 643 1530; x_wconf 85' lang='lat' dir='ltr'><strong>gymnasium</strong></span> <span class='ocrx_word' id='word_1_42' title='bbox 666 1437 702 1507; x_wconf 93' lang='lat' dir='ltr'><strong>in</strong></span> <span class='ocrx_word' id='word_1_43' title='bbox 719 1460 787 1529; x_wconf 93' lang='lat' dir='ltr'><strong>quo</strong></span> <span class='ocrx_word' id='word_1_44' title='bbox 806 1433 920 1506; x_wconf 89' lang='lat' dir='ltr'><strong>studia</strong></span> <span class='ocrx_word' id='word_1_45' title='bbox 935 1457 955 1504; x_wconf 91' lang='lat' dir='ltr'><strong>a</strong></span> <span class='ocrx_word' id='word_1_46' title='bbox 977 1434 1118 1505; x_wconf 89' lang='lat' dir='ltr'><strong>Gouvea</strong></span> <span class='ocrx_word' id='word_1_47' title='bbox 1131 1446 1296 1507; x_wconf 87' lang='lat' dir='ltr'><strong>renovata</strong></span> <span class='ocrx_word' id='word_1_48' title='bbox 1311 1438 1376 1508; x_wconf 85' lang='lat' dir='ltr'><strong>tlo-</strong></span> 
     </span>
     <span class='ocr_line' id='line_1_9' title="bbox 312 1561 1376 1656; baseline 0.002 -24"><span class='ocrx_word' id='word_1_49' title='bbox 312 1564 443 1633; x_wconf 79' lang='lat' dir='ltr'><strong>rebant.</strong></span> <span class='ocrx_word' id='word_1_50' title='bbox 467 1563 533 1633; x_wconf 89' lang='lat' dir='ltr'><strong>Hic</strong></span> <span class='ocrx_word' id='word_1_51' title='bbox 553 1587 690 1656; x_wconf 88' lang='lat' dir='ltr'><strong>quoque</strong></span> <span class='ocrx_word' id='word_1_52' title='bbox 707 1563 849 1646; x_wconf 79' lang='lat' dir='ltr'><strong>facetiae,</strong></span> <span class='ocrx_word' id='word_1_53' title='bbox 869 1561 927 1632; x_wconf 90' lang='lat' dir='ltr'><strong>hio</strong></span> <span class='ocrx_word' id='word_1_54' title='bbox 945 1561 982 1630; x_wconf 91' lang='lat' dir='ltr'><strong>in</strong></span> <span class='ocrx_word' id='word_1_55' title='bbox 997 1562 1136 1632; x_wconf 81' lang='lat' dir='ltr'><strong>facetias</strong></span> <span class='ocrx_word' id='word_1_56' title='bbox 1155 1565 1376 1655; x_wconf 87' lang='lat' dir='ltr'><strong>provincialis</strong></span> 
     </span>
     <span class='ocr_line' id='line_1_10' title="bbox 311 1685 1374 1779; baseline 0.001 -23"><span class='ocrx_word' id='word_1_57' title='bbox 311 1687 522 1758; x_wconf 87' lang='lat' dir='ltr'><strong>Parlamenti</strong></span> <span class='ocrx_word' id='word_1_58' title='bbox 532 1687 676 1757; x_wconf 78' lang='lat' dir='ltr'><strong>edicta3.</strong></span> <span class='ocrx_word' id='word_1_59' title='bbox 689 1685 821 1771; x_wconf 83' lang='lat' dir='ltr'><strong>Quibus</strong></span> <span class='ocrx_word' id='word_1_60' title='bbox 833 1687 870 1754; x_wconf 94' lang='lat' dir='ltr'><strong>in</strong></span> <span class='ocrx_word' id='word_1_61' title='bbox 886 1685 1012 1755; x_wconf 88' lang='lat' dir='ltr'><strong>scholis</strong></span> <span class='ocrx_word' id='word_1_62' title='bbox 1022 1687 1254 1756; x_wconf 89' lang='lat' dir='ltr'><strong>Buchananus</strong></span> <span class='ocrx_word' id='word_1_63' title='bbox 1268 1710 1374 1779; x_wconf 90' lang='lat' dir='ltr'><strong>quum</strong></span> 
     </span>
     <span class='ocr_line' id='line_1_11' title="bbox 312 1809 1375 1905; baseline 0.004 -26"><span class='ocrx_word' id='word_1_64' title='bbox 312 1810 449 1880; x_wconf 84' lang='lat' dir='ltr'><strong>doceret</strong></span> <span class='ocrx_word' id='word_1_65' title='bbox 460 1813 676 1905; x_wconf 76' lang='lat' dir='ltr'><strong>(lass-isla)</strong></span> <span class='ocrx_word' id='word_1_66' title='bbox 687 1811 872 1902; x_wconf 84' lang='lat' dir='ltr'><strong>tragoedios</strong></span> <span class='ocrx_word' id='word_1_67' title='bbox 883 1809 1096 1901; x_wconf 79' lang='lat' dir='ltr'><strong>conscripsit,</strong></span> <span class='ocrx_word' id='word_1_68' title='bbox 1113 1813 1205 1901; x_wconf 91' lang='lat' dir='ltr'><strong>quod</strong></span> <span class='ocrx_word' id='word_1_69' title='bbox 1216 1811 1290 1903; x_wconf 88' lang='lat' dir='ltr'><strong>ipse</strong></span> <span class='ocrx_word' id='word_1_70' title='bbox 1301 1835 1375 1883; x_wconf 89' lang='lat' dir='ltr'><strong>mo·</strong></span> 
     </span>
     <span class='ocr_line' id='line_1_12' title="bbox 310 1935 1372 2027; baseline 0.003 -24"><span class='ocrx_word' id='word_1_71' title='bbox 310 1945 370 2004; x_wconf 87' lang='lat' dir='ltr'><strong>net</strong></span> <span class='ocrx_word' id='word_1_72' title='bbox 385 1965 401 2000; x_wconf 91' lang='lat'>«</span> <span class='ocrx_word' id='word_1_73' title='bbox 416 1947 453 2006; x_wconf 89' lang='lat' dir='ltr'><strong>ut</strong></span> <span class='ocrx_word' id='word_1_74' title='bbox 468 1938 707 2009; x_wconf 88' lang='lat' dir='ltr'><strong>consuetudini</strong></span> <span class='ocrx_word' id='word_1_75' title='bbox 723 1938 850 2006; x_wconf 77' lang='lat' dir='ltr'><strong>soholae</strong></span> <span class='ocrx_word' id='word_1_76' title='bbox 864 1935 1076 2006; x_wconf 78' lang='lat' dir='ltr'><strong>satisfaceret</strong></span> <span class='ocrx_word' id='word_1_77' title='bbox 1095 1959 1171 2026; x_wconf 84' lang='lat' dir='ltr'><strong>quae</strong></span> <span class='ocrx_word' id='word_1_78' title='bbox 1186 1959 1248 2027; x_wconf 89' lang='lat' dir='ltr'><strong>per</strong></span> <span class='ocrx_word' id='word_1_79' title='bbox 1261 1959 1372 2006; x_wconf 88' lang='lat' dir='ltr'><strong>annos</strong></span> 
     </span>
     <span class='ocr_line' id='line_1_13' title="bbox 309 2061 1371 2156; baseline 0 -28"><span class='ocrx_word' id='word_1_80' title='bbox 309 2061 466 2151; x_wconf 83' lang='lat' dir='ltr'><strong>singulos</strong></span> <span class='ocrx_word' id='word_1_81' title='bbox 478 2064 632 2154; x_wconf 82' lang='lat' dir='ltr'><strong>singulas</strong></span> <span class='ocrx_word' id='word_1_82' title='bbox 647 2062 810 2156; x_wconf 87' lang='lat' dir='ltr'><strong>poscebat</strong></span> <span class='ocrx_word' id='word_1_83' title='bbox 823 2061 955 2130; x_wconf 86' lang='lat' dir='ltr'><strong>fabulas</strong></span> <span class='ocrx_word' id='word_1_84' title='bbox 967 2089 984 2124; x_wconf 75' lang='lat' dir='ltr'><strong>s</strong></span> <span class='ocrx_word' id='word_1_85' title='bbox 1002 2083 1067 2130; x_wconf 88' lang='lat' dir='ltr'><strong>neo</strong></span> <span class='ocrx_word' id='word_1_86' title='bbox 1081 2084 1152 2130; x_wconf 90' lang='lat' dir='ltr'><strong>nou</strong></span> <span class='ocrx_word' id='word_1_87' title='bbox 1170 2088 1186 2124; x_wconf 77' lang='lat' dir='ltr'><strong>e</strong></span> <span class='ocrx_word' id='word_1_88' title='bbox 1202 2069 1240 2129; x_wconf 91' lang='lat' dir='ltr'><strong>ut</strong></span> <span class='ocrx_word' id='word_1_89' title='bbox 1252 2083 1371 2129; x_wconf 88' lang='lat' dir='ltr'><strong>earum</strong></span> 
     </span>
     <span class='ocr_line' id='line_1_14' title="bbox 308 2183 1371 2280; baseline 0 -26"><span class='ocrx_word' id='word_1_90' title='bbox 308 2186 443 2256; x_wconf 88' lang='lat' dir='ltr'><strong>actione</strong></span> <span class='ocrx_word' id='word_1_91' title='bbox 473 2190 693 2280; x_wconf 86' lang='lat' dir='ltr'><strong>juventutem</strong></span> <span class='ocrx_word' id='word_1_92' title='bbox 712 2186 753 2256; x_wconf 86' lang='lat' dir='ltr'><strong>ab</strong></span> <span class='ocrx_word' id='word_1_93' title='bbox 780 2184 968 2276; x_wconf 86' lang='lat' dir='ltr'><strong>allegoriis,</strong></span> <span class='ocrx_word' id='word_1_94' title='bbox 999 2183 1124 2275; x_wconf 86' lang='lat' dir='ltr'><strong>quihus</strong></span> <span class='ocrx_word' id='word_1_95' title='bbox 1149 2193 1232 2254; x_wconf 92' lang='lat' dir='ltr'><strong>tunc</strong></span> <span class='ocrx_word' id='word_1_96' title='bbox 1261 2184 1371 2254; x_wconf 87' lang='lat' dir='ltr'><strong>Gallia</strong></span> 
     </span>
     <span class='ocr_line' id='line_1_15' title="bbox 305 2309 1371 2400; baseline -0.002 -19"><span class='ocrx_word' id='word_1_97' title='bbox 305 2311 529 2382; x_wconf 86' lang='lat' dir='ltr'><strong>vehementer</strong></span> <span class='ocrx_word' id='word_1_98' title='bbox 539 2336 575 2381; x_wconf 88' lang='lat' dir='ltr'><strong>se</strong></span> <span class='ocrx_word' id='word_1_99' title='bbox 592 2312 795 2395; x_wconf 83' lang='lat' dir='ltr'><strong>oblectabat,</strong></span> <span class='ocrx_word' id='word_1_100' title='bbox 810 2311 854 2380; x_wconf 91' lang='lat' dir='ltr'><strong>ad</strong></span> <span class='ocrx_word' id='word_1_101' title='bbox 869 2309 1098 2378; x_wconf 88' lang='lat' dir='ltr'><strong>imitationem</strong></span> <span class='ocrx_word' id='word_1_102' title='bbox 1111 2318 1279 2394; x_wconf 83' lang='lat' dir='ltr'><strong>veterum,</strong></span> <span class='ocrx_word' id='word_1_103' title='bbox 1301 2332 1371 2400; x_wconf 90' lang='lat' dir='ltr'><strong>qua</strong></span> 
     </span>
     <span class='ocr_line' id='line_1_16' title="bbox 305 2433 1370 2527; baseline -0.001 -23"><span class='ocrx_word' id='word_1_104' title='bbox 305 2445 436 2527; x_wconf 85' lang='lat' dir='ltr'><strong>posset,</strong></span> <span class='ocrx_word' id='word_1_105' title='bbox 451 2437 676 2507; x_wconf 47' lang='lat' dir='ltr'><strong>retraheret&amp;</strong></span> <span class='ocrx_word' id='word_1_106' title='bbox 700 2466 716 2502; x_wconf 71' lang='lat' dir='ltr'><strong>&gt;r</strong></span> <span class='ocrx_word' id='word_1_107' title='bbox 744 2437 784 2505; x_wconf 94' lang='lat' dir='ltr'><strong>ln</strong></span> <span class='ocrx_word' id='word_1_108' title='bbox 807 2433 969 2527; x_wconf 88' lang='lat' dir='ltr'><strong>Jephtem</strong></span> <span class='ocrx_word' id='word_1_109' title='bbox 992 2433 1084 2504; x_wconf 85' lang='lat' dir='ltr'><strong>enim</strong></span> <span class='ocrx_word' id='word_1_110' title='bbox 1105 2455 1149 2502; x_wconf 90' lang='lat' dir='ltr'><strong>ne</strong></span> <span class='ocrx_word' id='word_1_111' title='bbox 1169 2433 1237 2504; x_wconf 91' lang='lat' dir='ltr'><strong>alia</strong></span> <span class='ocrx_word' id='word_1_112' title='bbox 1255 2437 1333 2525; x_wconf 88' lang='lat' dir='ltr'><strong>proi</strong></span> <span class='ocrx_word' id='word_1_113' title='bbox 1352 2472 1370 2487; x_wconf 93' lang='lat'>-</span> 
     </span>
     <span class='ocr_line' id='line_1_17' title="bbox 304 2557 1369 2654; baseline -0.001 -26"><span class='ocrx_word' id='word_1_114' title='bbox 304 2583 392 2645; x_wconf 87' lang='lat' dir='ltr'><strong>ram,</strong></span> <span class='ocrx_word' id='word_1_115' title='bbox 408 2563 552 2631; x_wconf 90' lang='lat' dir='ltr'><strong>atticum</strong></span> <span class='ocrx_word' id='word_1_116' title='bbox 577 2564 730 2654; x_wconf 88' lang='lat' dir='ltr'><strong>leporem</strong></span> <span class='ocrx_word' id='word_1_117' title='bbox 742 2560 847 2631; x_wconf 88' lang='lat' dir='ltr'><strong>misit.</strong></span> <span class='ocrx_word' id='word_1_118' title='bbox 865 2559 977 2643; x_wconf 85' lang='lat' dir='ltr'><strong>Quam</strong></span> <span class='ocrx_word' id='word_1_119' title='bbox 990 2557 1094 2650; x_wconf 84' lang='lat' dir='ltr'><strong>longe</strong></span> <span class='ocrx_word' id='word_1_120' title='bbox 1121 2581 1141 2628; x_wconf 89' lang='lat' dir='ltr'><strong>a</strong></span> <span class='ocrx_word' id='word_1_121' title='bbox 1165 2559 1369 2630; x_wconf 87' lang='lat' dir='ltr'><strong>mulieribus</strong></span> 
     </span>
     <span class='ocr_line' id='line_1_18' title="bbox 305 2683 1365 2777; baseline 0 -23"><span class='ocrx_word' id='word_1_122' title='bbox 305 2706 391 2775; x_wconf 87' lang='lat' dir='ltr'><strong>quas</strong></span> <span class='ocrx_word' id='word_1_123' title='bbox 415 2686 558 2776; x_wconf 82' lang='lat' dir='ltr'><strong>indigne</strong></span> <span class='ocrx_word' id='word_1_124' title='bbox 582 2687 740 2757; x_wconf 87' lang='lat' dir='ltr'><strong>inductas</strong></span> <span class='ocrx_word' id='word_1_125' title='bbox 760 2684 976 2755; x_wconf 87' lang='lat' dir='ltr'><strong>ostendimus</strong></span> <span class='ocrx_word' id='word_1_126' title='bbox 998 2685 1102 2755; x_wconf 86' lang='lat' dir='ltr'><strong>distat</strong></span> <span class='ocrx_word' id='word_1_127' title='bbox 1120 2685 1263 2777; x_wconf 84' lang='lat' dir='ltr'><strong>Jephtes</strong></span> <span class='ocrx_word' id='word_1_128' title='bbox 1282 2683 1365 2772; x_wconf 86' lang='lat' dir='ltr'><strong>filia,</strong></span> 
     </span>
    </p>
   </div>
   <div class='ocr_carea' id='block_1_3' title="bbox 516 2907 1155 3242">
    <p class='ocr_par' dir='ltr' id='par_1_4' title="bbox 517 2907 1155 3063">
     <span class='ocr_line' id='line_1_19' title="bbox 519 2907 1155 2974; baseline 0.002 -14"><span class='ocrx_word' id='word_1_129' title='bbox 519 2910 555 2961; x_wconf 86' lang='lat' dir='ltr'><strong>At</strong></span> <span class='ocrx_word' id='word_1_130' title='bbox 566 2911 653 2960; x_wconf 81' lang='lat' dir='ltr'><strong>lacera</strong></span> <span class='ocrx_word' id='word_1_131' title='bbox 668 2925 716 2961; x_wconf 87' lang='lat' dir='ltr'><strong>uos</strong></span> <span class='ocrx_word' id='word_1_132' title='bbox 730 2925 783 2959; x_wconf 91' lang='lat' dir='ltr'><strong>non</strong></span> <span class='ocrx_word' id='word_1_133' title='bbox 798 2913 897 2974; x_wconf 87' lang='lat' dir='ltr'><strong>praeter</strong></span> <span class='ocrx_word' id='word_1_134' title='bbox 909 2907 1059 2973; x_wconf 84' lang='lat' dir='ltr'><strong>exemplum</strong></span> <span class='ocrx_word' id='word_1_135' title='bbox 1069 2908 1155 2961; x_wconf 83' lang='lat' dir='ltr'><strong>sciant</strong></span> 
     </span>
     <span class='ocr_line' id='line_1_20' title="bbox 517 2999 1007 3063; baseline -0.004 -14"><span class='ocrx_word' id='word_1_136' title='bbox 517 2999 599 3060; x_wconf 79' lang='lat' dir='ltr'><strong>Quum</strong></span> <span class='ocrx_word' id='word_1_137' title='bbox 610 3002 725 3063; x_wconf 74' lang='lat' dir='ltr'><strong>prodiere</strong></span> <span class='ocrx_word' id='word_1_138' title='bbox 736 3014 817 3061; x_wconf 79' lang='lat' dir='ltr'><strong>nuper</strong></span> <span class='ocrx_word' id='word_1_139' title='bbox 828 3014 882 3050; x_wconf 82' lang='lat' dir='ltr'><strong>aaa</strong></span> <span class='ocrx_word' id='word_1_140' title='bbox 891 3004 915 3050; x_wconf 81' lang='lat' dir='ltr'><strong>at</strong></span> <span class='ocrx_word' id='word_1_141' title='bbox 926 2999 1007 3048; x_wconf 78' lang='lat' dir='ltr'><strong>altera</strong></span> 
     </span>
    </p>

    <p class='ocr_par' dir='ltr' id='par_1_5' title="bbox 517 3088 998 3150">
     <span class='ocr_line' id='line_1_21' title="bbox 517 3088 998 3150; baseline 0.002 -13"><span class='ocrx_word' id='word_1_142' title='bbox 517 3088 561 3138; x_wconf 81' lang='lat' dir='ltr'><strong>Eo</strong></span> <span class='ocrx_word' id='word_1_143' title='bbox 573 3089 661 3139; x_wconf 76' lang='lat' dir='ltr'><strong>titteris</strong></span> <span class='ocrx_word' id='word_1_144' title='bbox 674 3094 779 3150; x_wconf 74' lang='lat' dir='ltr'><strong>sumptae</strong></span> <span class='ocrx_word' id='word_1_145' title='bbox 787 3089 863 3138; x_wconf 75' lang='lat' dir='ltr'><strong>sacris</strong></span> <span class='ocrx_word' id='word_1_146' title='bbox 877 3088 998 3138; x_wconf 76' lang='lat' dir='ltr'><strong>remedia</strong></span> 
     </span>
    </p>

    <p class='ocr_par' dir='ltr' id='par_1_6' title="bbox 516 3175 1088 3242">
     <span class='ocr_line' id='line_1_22' title="bbox 516 3175 1088 3242; baseline -0.002 -15"><span class='ocrx_word' id='word_1_147' title='bbox 516 3177 585 3236; x_wconf 88' lang='lat' dir='ltr'><strong>Quas</strong></span> <span class='ocrx_word' id='word_1_148' title='bbox 600 3175 721 3228; x_wconf 85' lang='lat' dir='ltr'><strong>exhiberi</strong></span> <span class='ocrx_word' id='word_1_149' title='bbox 730 3176 845 3227; x_wconf 86' lang='lat' dir='ltr'><strong>vidimus</strong></span> <span class='ocrx_word' id='word_1_150' title='bbox 858 3190 956 3242; x_wconf 83' lang='lat' dir='ltr'><strong>magno</strong></span> <span class='ocrx_word' id='word_1_151' title='bbox 968 3175 1088 3226; x_wconf 90' lang='lat' dir='ltr'><strong>omnium</strong></span> 
     </span>
    </p>
   </div>
   <div class='ocr_carea' id='block_1_4' title="bbox 438 3258 848 3334">
    <p class='ocr_par' dir='ltr' id='par_1_7' title="bbox 438 3258 848 3334">
     <span class='ocr_line' id='line_1_23' title="bbox 438 3258 848 3334; baseline 0 -16"><span class='ocrx_word' id='word_1_152' title='bbox 438 3258 440 3262; x_wconf 49' lang='lat'><em>⁷</em></span> <span class='ocrx_word' id='word_1_153' title='bbox 519 3267 701 3334; x_wconf 79' lang='lat' dir='ltr'><strong>spectantium</strong></span> <span class='ocrx_word' id='word_1_154' title='bbox 712 3267 848 3332; x_wconf 83' lang='lat' dir='ltr'><strong>applausu.</strong></span> 
     </span>
    </p>
   </div>
   <div class='ocr_carea' id='block_1_5' title="bbox 215 3391 1360 3572">
    <p class='ocr_par' dir='ltr' id='par_1_8' title="bbox 215 3391 1360 3572">
     <span class='ocr_line' id='line_1_24' title="bbox 215 3391 1360 3468; baseline 0.002 -22"><span class='ocrx_word' id='word_1_155' title='bbox 215 3463 217 3468; x_wconf 23' lang='grc' dir='ltr'>Ι</span> <span class='ocrx_word' id='word_1_156' title='bbox 299 3392 377 3449; x_wconf 81' lang='lat' dir='ltr'><strong>Fieri</strong></span> <span class='ocrx_word' id='word_1_157' title='bbox 391 3398 530 3466; x_wconf 83' lang='lat' dir='ltr'><strong>potestat</strong></span> <span class='ocrx_word' id='word_1_158' title='bbox 543 3393 689 3448; x_wconf 88' lang='lat' dir='ltr'><strong>comoediae</strong></span> <span class='ocrx_word' id='word_1_159' title='bbox 700 3392 735 3447; x_wconf 87' lang='lat' dir='ltr'><strong>ad</strong></span> <span class='ocrx_word' id='word_1_160' title='bbox 746 3409 818 3465; x_wconf 87' lang='lat' dir='ltr'><strong>quas</strong></span> <span class='ocrx_word' id='word_1_161' title='bbox 831 3393 935 3449; x_wconf 87' lang='lat' dir='ltr'><strong>alludit</strong></span> <span class='ocrx_word' id='word_1_162' title='bbox 946 3393 1006 3448; x_wconf 83' lang='lat' dir='ltr'><strong>sint</strong></span> <span class='ocrx_word' id='word_1_163' title='bbox 1019 3397 1048 3449; x_wconf 84' lang='lat' dir='ltr'><strong>st</strong></span> <span class='ocrx_word' id='word_1_164' title='bbox 1061 3391 1205 3465; x_wconf 76' lang='lat' dir='ltr'><strong>iosephus</strong></span> <span class='ocrx_word' id='word_1_165' title='bbox 1217 3397 1245 3448; x_wconf 76' lang='lat' dir='ltr'><strong>at</strong></span> <span class='ocrx_word' id='word_1_166' title='bbox 1259 3391 1360 3448; x_wconf 75' lang='lat' dir='ltr'><strong>Sama-</strong></span> 
     </span>
     <span class='ocr_line' id='line_1_25' title="bbox 298 3499 943 3572; baseline -0.002 -17"><span class='ocrx_word' id='word_1_167' title='bbox 298 3499 370 3555; x_wconf 85' lang='lat' dir='ltr'><strong>rites</strong></span> <span class='ocrx_word' id='word_1_168' title='bbox 389 3500 464 3572; x_wconf 89' lang='lat' dir='ltr'><strong>quod</strong></span> <span class='ocrx_word' id='word_1_169' title='bbox 478 3506 574 3554; x_wconf 84' lang='lat' dir='ltr'><strong>tamen</strong></span> <span class='ocrx_word' id='word_1_170' title='bbox 588 3515 754 3555; x_wconf 84' lang='lat' dir='ltr'><strong>asseverare</strong></span> <span class='ocrx_word' id='word_1_171' title='bbox 765 3517 824 3556; x_wconf 83' lang='lat' dir='ltr'><strong>uon</strong></span> <span class='ocrx_word' id='word_1_172' title='bbox 840 3502 943 3556; x_wconf 83' lang='lat' dir='ltr'><strong>ausim.</strong></span> 
     </span>
    </p>
   </div>
   <div class='ocr_carea' id='block_1_6' title="bbox 290 3598 1360 4360">
    <p class='ocr_par' dir='ltr' id='par_1_9' title="bbox 352 3598 725 3674">
     <span class='ocr_line' id='line_1_26' title="bbox 352 3598 725 3674; baseline 0.008 -20"><span class='ocrx_word' id='word_1_173' title='bbox 352 3598 378 3658; x_wconf 89' lang='lat'><strong>1.</strong></span> <span class='ocrx_word' id='word_1_174' title='bbox 398 3601 452 3657; x_wconf 84' lang='lat' dir='ltr'><strong>Ed.</strong></span> <span class='ocrx_word' id='word_1_175' title='bbox 472 3603 509 3656; x_wconf 90' lang='lat' dir='ltr'><strong>du</strong></span> <span class='ocrx_word' id='word_1_176' title='bbox 522 3601 620 3664; x_wconf 77' lang='lat' dir='ltr'><strong>Marii,</strong></span> <span class='ocrx_word' id='word_1_177' title='bbox 634 3620 661 3674; x_wconf 92' lang='lat' dir='ltr'><strong>p.</strong></span> <span class='ocrx_word' id='word_1_178' title='bbox 681 3601 725 3658; x_wconf 80' lang='lat'><strong>37.</strong></span> 
     </span>
    </p>

    <p class='ocr_par' dir='ltr' id='par_1_10' title="bbox 290 3697 1360 4062">
     <span class='ocr_line' id='line_1_27' title="bbox 347 3697 1358 3772; baseline 0.001 -19"><span class='ocrx_word' id='word_1_179' title='bbox 347 3697 373 3753; x_wconf 82' lang='lat'><strong>2.</strong></span> <span class='ocrx_word' id='word_1_180' title='bbox 395 3697 430 3755; x_wconf 88' lang='lat' dir='ltr'><strong>V.</strong></span> <span class='ocrx_word' id='word_1_181' title='bbox 448 3699 535 3754; x_wconf 87' lang='lat' dir='ltr'><strong>etiam</strong></span> <span class='ocrx_word' id='word_1_182' title='bbox 555 3699 676 3754; x_wconf 86' lang='lat' dir='ltr'><strong>Roillsti</strong></span> <span class='ocrx_word' id='word_1_183' title='bbox 704 3699 855 3755; x_wconf 80' lang='lat' dir='ltr'><strong>Balnenais</strong></span> <span class='ocrx_word' id='word_1_184' title='bbox 879 3706 938 3756; x_wconf 85' lang='lat' dir='ltr'><strong>tras</strong></span> <span class='ocrx_word' id='word_1_185' title='bbox 952 3697 1110 3772; x_wconf 75' lang='lat' dir='ltr'><strong>tragoedias</strong></span> <span class='ocrx_word' id='word_1_186' title='bbox 1129 3697 1158 3753; x_wconf 82' lang='lat' dir='ltr'><strong>id</strong></span> <span class='ocrx_word' id='word_1_187' title='bbox 1172 3705 1217 3754; x_wconf 85' lang='lat' dir='ltr'><strong>ast</strong></span> <span class='ocrx_word' id='word_1_188' title='bbox 1229 3697 1358 3764; x_wconf 81' lang='lat' dir='ltr'><strong>Petrum,</strong></span> 
     </span>
     <span class='ocr_line' id='line_1_28' title="bbox 290 3795 1360 3871; baseline 0.001 -20"><span class='ocrx_word' id='word_1_189' title='bbox 290 3795 412 3862; x_wconf 84' lang='lat' dir='ltr'><strong>Amana,</strong></span> <span class='ocrx_word' id='word_1_190' title='bbox 428 3797 616 3853; x_wconf 87' lang='lat' dir='ltr'><strong>Catharinam</strong></span> <span class='ocrx_word' id='word_1_191' title='bbox 629 3797 757 3868; x_wconf 80' lang='lat' dir='ltr'><strong>eleganti</strong></span> <span class='ocrx_word' id='word_1_192' title='bbox 777 3815 908 3854; x_wconf 87' lang='lat' dir='ltr'><strong>sermone</strong></span> <span class='ocrx_word' id='word_1_193' title='bbox 927 3799 1087 3871; x_wconf 89' lang='lat' dir='ltr'><strong>descriptas</strong></span> <span class='ocrx_word' id='word_1_194' title='bbox 1106 3797 1160 3864; x_wconf 85' lang='lat' dir='ltr'><strong>(Cl.</strong></span> <span class='ocrx_word' id='word_1_195' title='bbox 1178 3795 1214 3854; x_wconf 84' lang='lat' dir='ltr'><strong>R.</strong></span> <span class='ocrx_word' id='word_1_196' title='bbox 1228 3797 1260 3852; x_wconf 86' lang='lat' dir='ltr'><strong>B.</strong></span> <span class='ocrx_word' id='word_1_197' title='bbox 1277 3798 1360 3852; x_wconf 73' lang='lat' dir='ltr'><strong>varia</strong></span> 
     </span>
     <span class='ocr_line' id='line_1_29' title="bbox 291 3893 1359 3968; baseline 0.003 -19"><span class='ocrx_word' id='word_1_198' title='bbox 291 3901 433 3968; x_wconf 84' lang='lat' dir='ltr'><strong>poemata,</strong></span> <span class='ocrx_word' id='word_1_199' title='bbox 446 3895 580 3963; x_wconf 79' lang='lat' dir='ltr'><strong>Parisiis,</strong></span> <span class='ocrx_word' id='word_1_200' title='bbox 597 3896 685 3966; x_wconf 85' lang='grc'>1556).</span> <span class='ocrx_word' id='word_1_201' title='bbox 701 3897 756 3952; x_wconf 87' lang='lat' dir='ltr'><strong>Hic</strong></span> <span class='ocrx_word' id='word_1_202' title='bbox 769 3903 864 3954; x_wconf 83' lang='lat' dir='ltr'><strong>tamen</strong></span> <span class='ocrx_word' id='word_1_203' title='bbox 879 3897 1031 3953; x_wconf 86' lang='lat' dir='ltr'><strong>Philanira</strong></span> <span class='ocrx_word' id='word_1_204' title='bbox 1045 3903 1074 3952; x_wconf 88' lang='lat' dir='ltr'><strong>et</strong></span> <span class='ocrx_word' id='word_1_205' title='bbox 1094 3895 1188 3951; x_wconf 89' lang='lat' dir='ltr'><strong>latina</strong></span> <span class='ocrx_word' id='word_1_206' title='bbox 1212 3901 1242 3951; x_wconf 75' lang='lat' dir='ltr'><strong>at</strong></span> <span class='ocrx_word' id='word_1_207' title='bbox 1250 3893 1359 3968; x_wconf 71' lang='lat' dir='ltr'><strong>gallica</strong></span> 
     </span>
     <span class='ocr_line' id='line_1_30' title="bbox 292 3991 524 4062; baseline 0 -14"><span class='ocrx_word' id='word_1_208' title='bbox 292 3991 376 4062; x_wconf 80' lang='lat'><strong>(1563</strong></span> <span class='ocrx_word' id='word_1_209' title='bbox 406 3994 524 4049; x_wconf 87' lang='lat' dir='ltr'><strong>clarior.</strong></span> 
     </span>
    </p>

    <p class='ocr_par' dir='ltr' id='par_1_11' title="bbox 345 4090 1159 4167">
     <span class='ocr_line' id='line_1_31' title="bbox 345 4090 1159 4167; baseline -0.005 -17"><span class='ocrx_word' id='word_1_210' title='bbox 345 4094 373 4150; x_wconf 90' lang='grc'><strong>3.</strong></span> <span class='ocrx_word' id='word_1_211' title='bbox 394 4093 558 4158; x_wconf 87' lang='lat' dir='ltr'><strong>Gaullieur,</strong></span> <span class='ocrx_word' id='word_1_212' title='bbox 573 4093 650 4150; x_wconf 74' lang='lat' dir='ltr'><strong>illst.</strong></span> <span class='ocrx_word' id='word_1_213' title='bbox 667 4093 704 4150; x_wconf 82' lang='lat' dir='ltr'><strong>du</strong></span> <span class='ocrx_word' id='word_1_214' title='bbox 717 4093 812 4166; x_wconf 77' lang='lat' dir='ltr'><strong>eotttpc</strong></span> <span class='ocrx_word' id='word_1_215' title='bbox 822 4093 854 4150; x_wconf 80' lang='lat' dir='ltr'><strong>de</strong></span> <span class='ocrx_word' id='word_1_216' title='bbox 867 4093 1004 4167; x_wconf 71' lang='lat' dir='ltr'><strong>(luperam,</strong></span> <span class='ocrx_word' id='word_1_217' title='bbox 1021 4109 1048 4166; x_wconf 92' lang='lat' dir='ltr'><strong>p.</strong></span> <span class='ocrx_word' id='word_1_218' title='bbox 1060 4090 1159 4148; x_wconf 76' lang='lat'>258-9.</span> 
     </span>
    </p>

    <p class='ocr_par' dir='ltr' id='par_1_12' title="bbox 293 4189 1357 4360">
     <span class='ocr_line' id='line_1_32' title="bbox 346 4189 1357 4265; baseline 0 -18"><span class='ocrx_word' id='word_1_219' title='bbox 346 4191 374 4247; x_wconf 83' lang='lat'><strong>4.</strong></span> <span class='ocrx_word' id='word_1_220' title='bbox 395 4191 513 4264; x_wconf 82' lang='lat' dir='ltr'><strong>Georgii</strong></span> <span class='ocrx_word' id='word_1_221' title='bbox 529 4191 696 4248; x_wconf 89' lang='lat' dir='ltr'><strong>Buchanani</strong></span> <span class='ocrx_word' id='word_1_222' title='bbox 710 4193 769 4248; x_wconf 82' lang='lat' dir='ltr'><strong>rita</strong></span> <span class='ocrx_word' id='word_1_223' title='bbox 784 4193 820 4249; x_wconf 84' lang='lat' dir='ltr'><strong>ab</strong></span> <span class='ocrx_word' id='word_1_224' title='bbox 840 4192 904 4265; x_wconf 88' lang='lat' dir='ltr'><strong>ipso</strong></span> <span class='ocrx_word' id='word_1_225' title='bbox 925 4192 1035 4265; x_wconf 84' lang='lat' dir='ltr'><strong>scripta</strong></span> <span class='ocrx_word' id='word_1_226' title='bbox 1055 4192 1097 4260; x_wconf 82' lang='grc' dir='ltr'><strong>(Β.</strong></span> <span class='ocrx_word' id='word_1_227' title='bbox 1127 4192 1197 4265; x_wconf 81' lang='lat' dir='ltr'><strong>Opp.</strong></span> <span class='ocrx_word' id='word_1_228' title='bbox 1221 4189 1357 4264; x_wconf 72' lang='lat' dir='ltr'><strong>Lugduni</strong></span> 
     </span>
     <span class='ocr_line' id='line_1_33' title="bbox 293 4287 550 4360; baseline 0 -12"><span class='ocrx_word' id='word_1_229' title='bbox 293 4287 370 4359; x_wconf 75' lang='lat' dir='ltr'><strong>sat..</strong></span> <span class='ocrx_word' id='word_1_230' title='bbox 387 4288 467 4358; x_wconf 80' lang='lat'><strong>1725.</strong></span> <span class='ocrx_word' id='word_1_231' title='bbox 482 4293 503 4351; x_wconf 83' lang='lat' dir='ltr'><strong>t.</strong></span> <span class='ocrx_word' id='word_1_232' title='bbox 517 4287 550 4360; x_wconf 78' lang='lat'><strong>1).</strong></span> 
     </span>
    </p>
   </div>
   <div class='ocr_carea' id='block_1_7' title="bbox 0 0 1576 5066">
    <p class='ocr_par' dir='ltr' id='par_1_13' title="bbox 0 0 1576 5066">
     <span class='ocr_line' id='line_1_34' title="bbox 0 0 1576 5066; baseline 0 7"><span class='ocrx_word' id='word_1_233' title='bbox 0 0 1576 5066; x_wconf 95' lang='lat' dir='ltr'><strong> </strong></span> 
     </span>
    </p>
   </div>
  </div>
 </body>
</html>
