3142 5066
750 489 928 559 -86...

375 656 432 727 Sic
449 656 635 750 pervarias
654 657 809 726 fortunas
824 657 942 726 multis
957 657 1092 726 saeculis
1115 656 1209 726 stetit
1223 681 1369 750 gymne-

308 781 439 852 sierum
454 781 622 851 comoedia
641 803 718 872 quae
743 781 834 872 apud
850 781 966 851 Gallos
977 782 1169 873 prasertim
1179 785 1368 856 Navarram

308 916 346 977 ut
359 906 654 1002 praeclarissimam
668 906 786 976 sedem
797 907 954 990 incoluit,
970 907 1195 998 Texterisque
1214 931 1285 978 nen
1295 919 1367 979 arte

307 1031 446 1124 quidem
460 1031 521 1102 sed
535 1031 570 1101 vi
585 1040 619 1100 et
635 1031 767 1122 impetu
780 1031 929 1120 insignis
944 1032 1019 1100 fuit.
1036 1033 1068 1101 N
1070 1055 1109 1100 ec
1119 1033 1247 1102 mirum
1261 1033 1290 1102 si
1303 1034 1368 1104 La·

306 1154 379 1225 tina
393 1155 546 1226 dramata
566 1155 740 1246 viguerint
759 1156 797 1225 in
812 1156 995 1226 hominum
1008 1156 1228 1226 multitudine
1242 1157 1365 1228 Latino

306 1300 464 1350 sermone
480 1278 632 1371 quotidie
643 1279 824 1349 utentium.
835 1279 950 1363 Quum
965 1280 1058 1349 enim
1068 1280 1364 1366 Latinacarmiua,

304 1402 445 1472 Latinas
459 1401 621 1472 historias
636 1401 826 1472 seriberent
839 1402 1050 1493 etlegerent,
1061 1403 1202 1472 Latinas
1212 1379 1249 1472 in
1263 1405 1368 1474 eccle-

304 1526 364 1597 siis
372 1527 555 1597 conciones
571 1526 741 1612 audirent,
757 1531 817 1618 qui
826 1527 959 1597 Latinis
967 1527 1145 1597 eemoediis
1157 1527 1362 1613 caruissent,

305 1675 413 1744 quum
453 1674 545 1742 aegre
580 1651 706 1722 talibus
739 1652 943 1746 spectaculis
971 1653 1141 1722 abstineat
1173 1654 1368 1722 humanum

304 1782 440 1868 genus?
453 1778 598 1848 Tamdiu
621 1778 697 1847 haee
721 1801 776 1846 ars
799 1777 836 1846 in
856 1779 1011 1870 collegiis
1038 1779 1171 1863 floruit,
1202 1778 1367 1870 quamdiu

302 1901 424 1971 litterae
447 1925 468 1972 a
489 1901 668 1972 monachis
695 1912 754 1971 aut
775 1902 1028 1994 professoribus
1053 1911 1113 1971 aut
1133 1901 1324 1994 praesertim
1344 1924 1366 1970 a

303 2027 509 2098 doctissimis
527 2027 611 2097 viris
626 2029 746 2119 precul
762 2028 806 2096 ab
824 2028 973 2118 eleganti
997 2028 1068 2098 vita
1082 2027 1183 2096 cultae
1208 2028 1361 2096 fuerunt.

303 2151 372 2221 Sed
391 2175 499 2244 quum
512 2161 678 2221 matronae
692 2153 729 2220 in
744 2175 829 2244 quas
841 2151 943 2221 toties
954 2151 1156 2248 Latinarum
1169 2151 1364 2220 fabularum

302 2284 459 2345 auctores
470 2285 665 2345 exarserant
675 2275 867 2346 vernaculis
882 2276 1161 2369 litterispraeasse
1172 2283 1360 2366 caeperunt,

301 2422 490 2492 quumque,
508 2409 675 2490 regnante
690 2401 840 2472 Henrioe
857 2409 992 2492 quarto,
1008 2400 1225 2493 publicarum
1246 2421 1364 2468 rerum

302 2546 448 2595 censura
477 2525 697 2596 interdictum
722 2526 857 2609 fuisset,
885 2526 1000 2594 effoeta
1028 2525 1190 2617 deinceps
1216 2523 1394 2616 reptavit·

300 2647 338 2716 in
353 2649 474 2720 umbra
488 2649 712 2739 collegiorum
725 2651 816 2741 apud
828 2649 945 2722 Gades
958 2649 1138 2736 comoedia,
1150 2650 1193 2721 de
1212 2671 1280 2742 qua
1289 2650 1363 2741 jam

301 2773 389 2843 nihil
398 2775 594 2847 dicendum.

439 3035 508 3094 Vidi
523 3052 556 3092 ac
569 3037 693 3110 perlegi,

722 3161 843 3217 Lutatiae
853 3161 947 3217 Paris.
963 3162 996 3217 in
1010 3161 1151 3226 Sarbena,

572 3296 599 3334 a.
617 3277 644 3332 d.
660 3277 725 3334 Vlll
738 3277 804 3335 Kal.
819 3267 905 3334 Mart.
920 3295 966 3333 aa.
980 3275 1257 3335 MDCCCLXXVIII.

582 3375 740 3431 Facultatis
752 3377 853 3432 litter.
871 3377 902 3431 in
920 3375 1008 3432 Acad.
1024 3376 1118 3433 Parla.
1136 3375 1267 3431 Daeanus

796 3509 831 3566 H.
857 3508 1044 3568 WALLON.

439 3679 526 3754 'l'ypis
538 3679 692 3737 mandatur
707 3698 715 3736 1

790 3805 952 3864 Academiae
966 3805 1143 3862 Parisiaaais
1155 3805 1271 3870 Rector,

903 3942 937 3998 Α.
959 3939 1163 3998 MOURIER.
