3142 5066
653 533 831 601 -ss7-

208 687 464 758 vendiderimus
482 712 554 758 non
581 690 857 764 satisfaceremus
885 694 1100 766 dimidiatim.
1127 697 1189 770 Vis
1218 699 1270 770 di-

209 816 305 881 cam?
319 835 382 882 nos
412 814 563 884 animam
583 815 759 886 dehemus.
776 820 1078 911 —Paupertatem
1106 823 1269 892 dissimu-

206 936 360 1004 lamus...
380 973 425 988 -
445 937 514 1008 Sed
541 961 612 1006 non
640 939 788 1009 aestimas
815 942 954 1032 plurimi
984 944 1059 1012 illas
1091 946 1269 1035 epularum

208 1058 372 1129 delicias?
384 1099 429 1114 -
443 1061 512 1132 Sed
525 1061 591 1130 hoc
610 1062 724 1153 ipsum
741 1087 812 1134 non
829 1067 911 1135 facit
924 1069 967 1137 ad
981 1069 1203 1161 voluptatem.
1224 1108 1269 1122 -

209 1181 357 1264 Quidni?
371 1223 414 1236 -
428 1185 584 1254 Primum
600 1189 768 1275 omnium,
781 1215 852 1260 non
867 1201 919 1261 est
934 1195 1120 1264 certahora
1133 1195 1268 1285 prandii

207 1314 268 1373 aut
283 1329 400 1375 coenae.
434 1307 593 1378 Vivimus
619 1335 690 1380 non
716 1322 834 1384 nostro
863 1317 924 1387 sed
943 1317 1074 1387 domini
1102 1317 1265 1388 arbitrio:

206 1452 277 1497 non
303 1431 512 1521 prandemus
540 1434 608 1503 nisi
637 1459 716 1508 eum
735 1411 800 1507 soli
829 1440 956 1510 lubet:
984 1441 1012 1509 si
1046 1463 1179 1511 coenam
1200 1451 1268 1511 aut

205 1552 325 1620 ludum
352 1565 515 1646 proroget
542 1557 578 1626 in
601 1559 743 1651 longam
771 1571 921 1646 noctem,
937 1585 1057 1632 sumus
1073 1564 1109 1633 in
1126 1588 1266 1657 exspec-

204 1676 319 1745 tando.
335 1717 380 1730 -
394 1679 483 1760 Quid
502 1679 641 1752 interim
666 1707 737 1753 non
767 1686 943 1757 dormitis?
956 1728 999 1740 -
1012 1690 1078 1773 Ha,
1099 1691 1264 1774 Fortuna,

204 1799 381 1889 piaculum
410 1811 462 1869 est
489 1827 560 1872 non
591 1817 787 1898 exspectare
810 1811 989 1880 dominum
1017 1835 1025 1881 ε
1056 1812 1186 1903 nephas
1215 1822 1269 1881 est
1367 1837 1369 1842 ’

205 1922 352 1992 dormire
367 1925 569 2017 priusquam
587 1933 730 2002 venerit.
755 1935 791 2004 Si
811 1937 924 2022 liceat,
937 1948 1038 2007 erunt
1052 1939 1190 2029 parasiti
1207 1939 1266 2031 qui

204 2045 397 2133 vigilabunt
412 2057 446 2116 et
465 2051 610 2139 gratiam
625 2063 658 2122 et
676 2057 829 2127 favorem
842 2061 1049 2152 praeripient.
1066 2103 1108 2114 ·-
1124 2064 1267 2154 Semper

190 2178 320 2245 ,tamen
335 2181 386 2240 est
399 2173 496 2244 vohis
511 2176 606 2247 lauta
620 2181 746 2252 culina.
764 2187 889 2256 -Sed
917 2196 955 2255 ut
977 2188 1069 2256 laute
1095 2189 1264 2273 vivamus,

203 2304 304 2384 putas
330 2305 447 2367 tamen
474 2322 612 2372 securas
633 2328 708 2376 esse
734 2332 819 2401 quas
840 2313 1052 2385 comedimus
1079 2315 1264 2406 dapes‘t-

205 2417 303 2488 Unde
331 2421 498 2492 emineret
518 2425 726 2499 discrimen?
739 2473 784 2484 -—
801 2436 913 2523 Unde,
933 2422 1107 2528 luppiter!
1131 2439 1266 2509 insidiis

203 2541 461 2614 malevolorum.
492 2548 613 2618 Nescis
648 2553 778 2625 aulicos
815 2581 935 2628 omnes
974 2562 1208 2631 emendicasse
1245 2585 1266 2632 a

202 2667 443 2756 Longohardis
471 2677 660 2748 veneficia?
692 2683 826 2753 nullum
854 2695 906 2755 est
950 2687 1021 2757 illic
1051 2689 1267 2780 frequentius

201 2795 342 2864 malum.
358 2834 403 2849 -
418 2798 508 2880 Quid
522 2803 650 2874 audio?
667 2848 711 2860 -
724 2811 812 2881 Vide
835 2815 925 2905 apud
948 2824 981 2884 te
1007 2825 1091 2907 quot
1103 2815 1266 2907 praesides

205 2925 238 2982 et
256 2917 407 3010 episcopi
422 2922 626 3010 agminatim
640 2935 768 3002 mortui
783 2936 953 3007 hahentur
974 2963 1084 3031 pauco
1099 2950 1263 3030 tempore.

202 3078 244 3093 —
261 3042 314 3111 Ita
325 3044 412 3114 forte
428 3048 560 3138 placuit.
571 3054 664 3125 fatis.
679 3096 723 3112 -
737 3061 823 3131 Fata
837 3063 895 3133 illa
908 3066 1096 3135 accelerata
1115 3075 1208 3134 sunt.
1223 3102 1268 3118 -

203 3165 278 3235 Hoc
294 3166 323 3234 si
338 3167 386 3238 ita
402 3180 466 3255 est,
484 3175 595 3246 adhuc
611 3186 727 3253 tamen
737 3197 934 3279 promptum
949 3202 1000 3259 est
1013 3191 1110 3261 vobis
1131 3213 1263 3259 cavere.

204 3327 246 3342 -
262 3290 420 3372 Quonam
432 3296 517 3371 illud
530 3305 634 3375 modo
649 3310 665 3374 1
681 3312 776 3381 -Si
791 3315 909 3385 fideles
925 3317 994 3386 sint
1011 3317 1109 3388 vohis
1130 3318 1268 3388 domes·-
1349 3349 1350 3354 ¹

203 3413 273 3483 tici.
294 3455 339 3474 -
371 3420 437 3490 Tot
464 3423 632 3498 hahemus
660 3432 778 3506 hostes
810 3451 894 3532 quot
919 3443 1117 3512 familiares.
1146 3481 1191 3494 -
1224 3443 1266 3509 Et

161 3563 168 3578 ·
204 3540 428 3629 quamohrem
454 3547 640 3622 familiares
664 3559 763 3629 vobis
790 3562 1264 3636 insidiarenturt—Invidia.

205 3664 391 3735 -Saltem
403 3669 744 3760 quihenevolentiam
756 3687 975 3760 dominorum
990 3691 1053 3759 sihi
1067 3700 1267 3782 comparant

202 3786 320 3856 felices
330 3793 474 3881 putandi
488 3808 580 3869 sunt.
595 3841 641 3856 -
655 3806 729 3877 Sibi
745 3823 904 3884 constant
930 3815 1102 3908 principes
1126 3825 1165 3884 ut
1187 3838 1266 3883 mu-

201 3909 297 3982 lieris
332 3915 480 3989 animus.
510 3924 718 4020 Vispaucis
755 3937 886 4009 dicam?
915 3942 1151 4014 Versatiliores
1186 3948 1266 4008 sunt

204 4035 389 4108 cothurno.
408 4081 453 4094 -
470 4044 516 4114 At
534 4059 586 4118 est
599 4053 744 4126 felicitas
760 4061 912 4134 diversas
932 4066 1094 4156 regiones
1119 4065 1266 4135 circum-

204 4158 347 4250 spicere,
373 4165 555 4243 hominum
581 4200 696 4250 mores
726 4184 852 4260 intueri
880 4202 913 4261 ct
943 4193 1069 4286 ubique
1099 4201 1267 4260 terrarum

204 4284 336 4357 nullam
354 4311 426 4361 non
441 4298 586 4388 experiri
612 4308 834 4400 voluptatem.
851 4357 895 4372 -
909 4319 1015 4389 Estne
1043 4316 1129 4387 illud
1157 4313 1266 4383 felici-
