<?xml version="1.0" encoding="UTF-8"?>
<!DOCTYPE html PUBLIC "-//W3C//DTD XHTML 1.0 Transitional//EN"
    "http://www.w3.org/TR/xhtml1/DTD/xhtml1-transitional.dtd">
<html xmlns="http://www.w3.org/1999/xhtml" xml:lang="en" lang="en">
 <head>
  <title>
</title>
<meta http-equiv="Content-Type" content="text/html;charset=utf-8" />
  <meta name='ocr-system' content='tesseract 3.04.00' />
  <meta name='ocr-capabilities' content='ocr_page ocr_carea ocr_par ocr_line ocrx_word'/>
</head>
<body>
  <div class='ocr_page' id='page_1' title='image "./deravisiitextor00massgoog_0084.png"; bbox 0 0 3142 5066; ppageno 0'>
   <div class='ocr_carea' id='block_1_1' title="bbox 663 517 843 590">
    <p class='ocr_par' dir='ltr' id='par_1_1' title="bbox 663 517 843 590">
     <span class='ocr_line' id='line_1_1' title="bbox 663 517 843 590; baseline 0 -18"><span class='ocrx_word' id='word_1_1' title='bbox 663 517 843 590; x_wconf 71' lang='lat'><strong>..73-</strong></span> 
     </span>
    </p>
   </div>
   <div class='ocr_carea' id='block_1_2' title="bbox 257 678 1261 868">
    <p class='ocr_par' dir='ltr' id='par_1_2' title="bbox 257 678 1261 868">
     <span class='ocr_line' id='line_1_2' title="bbox 257 678 1261 765; baseline -0.001 -19"><span class='ocrx_word' id='word_1_2' title='bbox 257 716 297 732; x_wconf 91' lang='lat'><em>-</em></span> <span class='ocrx_word' id='word_1_3' title='bbox 310 678 416 764; x_wconf 89' lang='lat' dir='ltr'>Nupta</span> <span class='ocrx_word' id='word_1_4' title='bbox 432 702 523 758; x_wconf 81' lang='lat' dir='ltr'>soror</span> <span class='ocrx_word' id='word_1_5' title='bbox 540 705 633 765; x_wconf 87' lang='lat' dir='ltr'>quam</span> <span class='ocrx_word' id='word_1_6' title='bbox 648 687 753 747; x_wconf 90' lang='lat' dir='ltr'>dotem</span> <span class='ocrx_word' id='word_1_7' title='bbox 767 685 895 747; x_wconf 75' lang='lat' dir='ltr'>habuit?</span> <span class='ocrx_word' id='word_1_8' title='bbox 911 718 948 732; x_wconf 96' lang='lat'><em>-</em></span> <span class='ocrx_word' id='word_1_9' title='bbox 961 683 1037 746; x_wconf 83' lang='lat' dir='ltr'>(lum</span> <span class='ocrx_word' id='word_1_10' title='bbox 1050 681 1148 747; x_wconf 86' lang='lat' dir='ltr'>divite</span> <span class='ocrx_word' id='word_1_11' title='bbox 1160 699 1261 763; x_wconf 83' lang='lat' dir='ltr'>regno</span> 
     </span>
     <span class='ocr_line' id='line_1_3' title="bbox 337 793 1040 868; baseline 0.003 -16"><span class='ocrx_word' id='word_1_12' title='bbox 337 793 427 853; x_wconf 87' lang='lat' dir='ltr'>Mille</span> <span class='ocrx_word' id='word_1_13' title='bbox 442 794 633 855; x_wconf 80' lang='lat' dir='ltr'><strong>talentorum</strong></span> <span class='ocrx_word' id='word_1_14' title='bbox 647 793 746 854; x_wconf 89' lang='lat' dir='ltr'>millia</span> <span class='ocrx_word' id='word_1_15' title='bbox 763 814 770 853; x_wconf 77' lang='grc' dir='ltr'><strong>ε</strong></span> <span class='ocrx_word' id='word_1_16' title='bbox 787 793 832 853; x_wconf 92' lang='lat' dir='ltr'>nil</span> <span class='ocrx_word' id='word_1_17' title='bbox 844 793 962 868; x_wconf 78' lang='lat' dir='ltr'>habuit,</span> <span class='ocrx_word' id='word_1_18' title='bbox 980 799 1040 854; x_wconf 86' lang='lat' dir='ltr'>etc.</span> 
     </span>
    </p>
   </div>
   <div class='ocr_carea' id='block_1_3' title="bbox 208 979 1321 2848">
    <p class='ocr_par' dir='ltr' id='par_1_3' title="bbox 217 979 1280 1323">
     <span class='ocr_line' id='line_1_4' title="bbox 282 979 1280 1052; baseline 0 -4"><span class='ocrx_word' id='word_1_19' title='bbox 282 979 357 1048; x_wconf 84' lang='lat' dir='ltr'>Mos</span> <span class='ocrx_word' id='word_1_20' title='bbox 382 979 476 1050; x_wconf 91' lang='lat' dir='ltr'>enim</span> <span class='ocrx_word' id='word_1_21' title='bbox 486 990 567 1051; x_wconf 86' lang='lat' dir='ltr'>tune</span> <span class='ocrx_word' id='word_1_22' title='bbox 590 990 663 1051; x_wconf 86' lang='lat' dir='ltr'>erat</span> <span class='ocrx_word' id='word_1_23' title='bbox 675 980 974 1052; x_wconf 81' lang='lat' dir='ltr'>disconvenientia</span> <span class='ocrx_word' id='word_1_24' title='bbox 1000 979 1146 1051; x_wconf 82' lang='lat' dir='ltr'>dicendo</span> <span class='ocrx_word' id='word_1_25' title='bbox 1167 979 1280 1048; x_wconf 88' lang='lat' dir='ltr'>risum</span> 
     </span>
     <span class='ocr_line' id='line_1_5' title="bbox 217 1103 1279 1198; baseline 0.003 -27"><span class='ocrx_word' id='word_1_26' title='bbox 217 1123 368 1188; x_wconf 83' lang='lat' dir='ltr'>movere,</span> <span class='ocrx_word' id='word_1_27' title='bbox 393 1105 623 1198; x_wconf 90' lang='lat' dir='ltr'>omnibusque</span> <span class='ocrx_word' id='word_1_28' title='bbox 643 1115 767 1177; x_wconf 89' lang='lat' dir='ltr'>notum</span> <span class='ocrx_word' id='word_1_29' title='bbox 790 1112 842 1175; x_wconf 85' lang='lat' dir='ltr'>est</span> <span class='ocrx_word' id='word_1_30' title='bbox 863 1105 1012 1178; x_wconf 86' lang='lat' dir='ltr'>Villonis</span> <span class='ocrx_word' id='word_1_31' title='bbox 1028 1126 1168 1176; x_wconf 88' lang='lat' dir='ltr'>carmen</span> <span class='ocrx_word' id='word_1_32' title='bbox 1187 1103 1279 1197; x_wconf 90' lang='lat' dir='ltr'>quod</span> 
     </span>
     <span class='ocr_line' id='line_1_6' title="bbox 218 1225 1007 1323; baseline -0.003 -28"><span class='ocrx_word' id='word_1_33' title='bbox 218 1226 269 1297; x_wconf 83' lang='lat' dir='ltr'>sic</span> <span class='ocrx_word' id='word_1_34' title='bbox 282 1227 422 1321; x_wconf 84' lang='lat' dir='ltr'>incipit:</span> <span class='ocrx_word' id='word_1_35' title='bbox 441 1259 458 1294; x_wconf 89' lang='lat'>«</span> <span class='ocrx_word' id='word_1_36' title='bbox 468 1232 580 1323; x_wconf 87' lang='lat' dir='ltr'>Prope</span> <span class='ocrx_word' id='word_1_37' title='bbox 594 1232 725 1300; x_wconf 85' lang='lat' dir='ltr'>fontem</span> <span class='ocrx_word' id='word_1_38' title='bbox 738 1225 796 1298; x_wconf 78' lang='lat' dir='ltr'>siti</span> <span class='ocrx_word' id='word_1_39' title='bbox 810 1229 973 1322; x_wconf 80' lang='lat' dir='ltr'>langueo.</span> <span class='ocrx_word' id='word_1_40' title='bbox 991 1259 1007 1294; x_wconf 87' lang='lat'>»</span> 
     </span>
    </p>

    <p class='ocr_par' dir='ltr' id='par_1_4' title="bbox 208 1353 1321 2848">
     <span class='ocr_line' id='line_1_7' title="bbox 280 1353 1278 1449; baseline 0.006 -29"><span class='ocrx_word' id='word_1_41' title='bbox 280 1353 363 1424; x_wconf 84' lang='lat' dir='ltr'>Haee</span> <span class='ocrx_word' id='word_1_42' title='bbox 381 1364 462 1424; x_wconf 87' lang='lat' dir='ltr'>sunt</span> <span class='ocrx_word' id='word_1_43' title='bbox 472 1355 602 1425; x_wconf 91' lang='lat' dir='ltr'>Ravisii</span> <span class='ocrx_word' id='word_1_44' title='bbox 619 1357 772 1427; x_wconf 78' lang='lat' dir='ltr'><strong>dramata</strong></span> <span class='ocrx_word' id='word_1_45' title='bbox 783 1379 931 1446; x_wconf 90' lang='lat' dir='ltr'>quorum</span> <span class='ocrx_word' id='word_1_46' title='bbox 941 1356 1008 1449; x_wconf 89' lang='lat' dir='ltr'>piis</span> <span class='ocrx_word' id='word_1_47' title='bbox 1022 1358 1132 1425; x_wconf 90' lang='lat' dir='ltr'>multo</span> <span class='ocrx_word' id='word_1_48' title='bbox 1147 1354 1278 1426; x_wconf 87' lang='lat' dir='ltr'>comica</span> 
     </span>
     <span class='ocr_line' id='line_1_8' title="bbox 214 1481 1276 1574; baseline 0.006 -29"><span class='ocrx_word' id='word_1_49' title='bbox 214 1488 388 1570; x_wconf 80' lang='lat' dir='ltr'>praestant,</span> <span class='ocrx_word' id='word_1_50' title='bbox 423 1504 504 1550; x_wconf 89' lang='lat' dir='ltr'>nam</span> <span class='ocrx_word' id='word_1_51' title='bbox 531 1481 651 1551; x_wconf 75' lang='lat' dir='ltr'>Gallici</span> <span class='ocrx_word' id='word_1_52' title='bbox 677 1481 809 1572; x_wconf 83' lang='lat' dir='ltr'>ingenii</span> <span class='ocrx_word' id='word_1_53' title='bbox 842 1492 960 1552; x_wconf 88' lang='lat' dir='ltr'>noster</span> <span class='ocrx_word' id='word_1_54' title='bbox 987 1483 1143 1574; x_wconf 85' lang='lat' dir='ltr'>quamvis</span> <span class='ocrx_word' id='word_1_55' title='bbox 1172 1483 1276 1552; x_wconf 88' lang='lat' dir='ltr'>latine</span> 
     </span>
     <span class='ocr_line' id='line_1_9' title="bbox 217 1597 1321 1691; baseline 0.006 -21"><span class='ocrx_word' id='word_1_56' title='bbox 217 1602 381 1673; x_wconf 82' lang='lat' dir='ltr'>scriberet</span> <span class='ocrx_word' id='word_1_57' title='bbox 410 1615 494 1689; x_wconf 86' lang='lat' dir='ltr'>erat,</span> <span class='ocrx_word' id='word_1_58' title='bbox 510 1605 653 1690; x_wconf 86' lang='lat' dir='ltr'>Pererii,</span> <span class='ocrx_word' id='word_1_59' title='bbox 679 1606 865 1690; x_wconf 86' lang='lat' dir='ltr'>Rabelasii,</span> <span class='ocrx_word' id='word_1_60' title='bbox 888 1607 1048 1691; x_wconf 84' lang='lat' dir='ltr'>Vcltarii,</span> <span class='ocrx_word' id='word_1_61' title='bbox 1084 1608 1138 1676; x_wconf 88' lang='lat' dir='ltr'>sin</span> <span class='ocrx_word' id='word_1_62' title='bbox 1162 1607 1276 1677; x_wconf 89' lang='lat' dir='ltr'>minus</span> <span class='ocrx_word' id='word_1_63' title='bbox 1318 1597 1321 1611; x_wconf 66' lang='grc'><strong>”</strong></span> 
     </span>
     <span class='ocr_line' id='line_1_10' title="bbox 216 1726 1278 1822; baseline 0.006 -28"><span class='ocrx_word' id='word_1_64' title='bbox 216 1726 358 1818; x_wconf 82' lang='lat' dir='ltr'>in‘genic</span> <span class='ocrx_word' id='word_1_65' title='bbox 384 1739 418 1798; x_wconf 90' lang='lat' dir='ltr'>at</span> <span class='ocrx_word' id='word_1_66' title='bbox 443 1729 559 1799; x_wconf 87' lang='lat' dir='ltr'>indole</span> <span class='ocrx_word' id='word_1_67' title='bbox 576 1731 724 1822; x_wconf 87' lang='lat' dir='ltr'>quadam</span> <span class='ocrx_word' id='word_1_68' title='bbox 751 1731 878 1800; x_wconf 87' lang='lat' dir='ltr'>affinis.</span> <span class='ocrx_word' id='word_1_69' title='bbox 893 1732 997 1800; x_wconf 92' lang='lat' dir='ltr'>lllum</span> <span class='ocrx_word' id='word_1_70' title='bbox 1018 1731 1278 1802; x_wconf 72' lang='lat' dir='ltr'>admirabantur</span> 
     </span>
     <span class='ocr_line' id='line_1_11' title="bbox 213 1854 1271 1950; baseline 0.006 -30"><span class='ocrx_word' id='word_1_71' title='bbox 213 1859 252 1920; x_wconf 90' lang='lat' dir='ltr'>ut</span> <span class='ocrx_word' id='word_1_72' title='bbox 278 1854 357 1922; x_wconf 77' lang='lat' dir='ltr'>«rei</span> <span class='ocrx_word' id='word_1_73' title='bbox 384 1855 523 1926; x_wconf 77' lang='lat' dir='ltr'>comicae</span> <span class='ocrx_word' id='word_1_74' title='bbox 543 1855 805 1948; x_wconf 85' lang='lat' dir='ltr'>imperatorem¹</span> <span class='ocrx_word' id='word_1_75' title='bbox 823 1885 840 1920; x_wconf 84' lang='lat'>»</span> <span class='ocrx_word' id='word_1_76' title='bbox 870 1857 961 1928; x_wconf 86' lang='lat' dir='ltr'>docti</span> <span class='ocrx_word' id='word_1_77' title='bbox 989 1858 1080 1928; x_wconf 87' lang='lat' dir='ltr'>inter</span> <span class='ocrx_word' id='word_1_78' title='bbox 1103 1858 1271 1950; x_wconf 55' lang='lat' dir='ltr'>aqualem</span> 
     </span>
     <span class='ocr_line' id='line_1_12' title="bbox 213 1982 1275 2074; baseline 0.006 -28"><span class='ocrx_word' id='word_1_79' title='bbox 213 1999 389 2072; x_wconf 88' lang='lat' dir='ltr'>quumque</span> <span class='ocrx_word' id='word_1_80' title='bbox 412 1989 536 2051; x_wconf 78' lang='lat' dir='ltr'>caetera</span> <span class='ocrx_word' id='word_1_81' title='bbox 554 1985 630 2074; x_wconf 79' lang='lat' dir='ltr'>ejus</span> <span class='ocrx_word' id='word_1_82' title='bbox 646 2005 751 2074; x_wconf 86' lang='lat' dir='ltr'>opera</span> <span class='ocrx_word' id='word_1_83' title='bbox 771 1982 830 2051; x_wconf 87' lang='lat' dir='ltr'>vix</span> <span class='ocrx_word' id='word_1_84' title='bbox 853 2005 894 2053; x_wconf 91' lang='lat' dir='ltr'>eo</span> <span class='ocrx_word' id='word_1_85' title='bbox 921 1992 1072 2067; x_wconf 87' lang='lat' dir='ltr'>mortua,</span> <span class='ocrx_word' id='word_1_86' title='bbox 1097 1982 1275 2074; x_wconf 85' lang='lat' dir='ltr'>aquibus·</span> 
     </span>
     <span class='ocr_line' id='line_1_13' title="bbox 212 2103 1273 2199; baseline 0.008 -29"><span class='ocrx_word' id='word_1_87' title='bbox 212 2103 291 2172; x_wconf 87' lang='lat' dir='ltr'>dam</span> <span class='ocrx_word' id='word_1_88' title='bbox 316 2107 489 2174; x_wconf 75' lang='lat' dir='ltr'>contemni</span> <span class='ocrx_word' id='word_1_89' title='bbox 518 2106 662 2198; x_wconf 82' lang='lat' dir='ltr'>eoepiase</span> <span class='ocrx_word' id='word_1_90' title='bbox 677 2107 872 2190; x_wconf 84' lang='lat' dir='ltr'>videantur,</span> <span class='ocrx_word' id='word_1_91' title='bbox 895 2107 932 2176; x_wconf 93' lang='lat' dir='ltr'>hi</span> <span class='ocrx_word' id='word_1_92' title='bbox 951 2107 1079 2197; x_wconf 81' lang='lat' dir='ltr'>dialogi</span> <span class='ocrx_word' id='word_1_93' title='bbox 1102 2127 1211 2199; x_wconf 81' lang='lat' dir='ltr'>usque</span> <span class='ocrx_word' id='word_1_94' title='bbox 1230 2107 1273 2178; x_wconf 88' lang='lat' dir='ltr'>ad</span> 
     </span>
     <span class='ocr_line' id='line_1_14' title="bbox 212 2205 1290 2324; baseline 0.003 -28"><span class='ocrx_word' id='word_1_95' title='bbox 212 2229 368 2300; x_wconf 85' lang='lat' dir='ltr'>medium</span> <span class='ocrx_word' id='word_1_96' title='bbox 388 2231 574 2322; x_wconf 84' lang='lat' dir='ltr'>septimum</span> <span class='ocrx_word' id='word_1_97' title='bbox 599 2231 772 2302; x_wconf 87' lang='lat' dir='ltr'>decimam</span> <span class='ocrx_word' id='word_1_98' title='bbox 801 2233 967 2302; x_wconf 77' lang='lat' dir='ltr'>saeculam</span> <span class='ocrx_word' id='word_1_99' title='bbox 994 2205 1111 2301; x_wconf 82' lang='lat' dir='ltr'>multia</span> <span class='ocrx_word' id='word_1_100' title='bbox 1129 2231 1290 2324; x_wconf 85' lang='lat' dir='ltr'>jucundi</span> 
     </span>
     <span class='ocr_line' id='line_1_15' title="bbox 210 2352 1269 2448; baseline 0.007 -29"><span class='ocrx_word' id='word_1_101' title='bbox 210 2352 318 2424; x_wconf 86' lang='lat' dir='ltr'>fuere.</span> <span class='ocrx_word' id='word_1_102' title='bbox 335 2355 476 2426; x_wconf 87' lang='lat' dir='ltr'>Utinam</span> <span class='ocrx_word' id='word_1_103' title='bbox 499 2357 684 2426; x_wconf 83' lang='lat' dir='ltr'>vernacula</span> <span class='ocrx_word' id='word_1_104' title='bbox 711 2357 841 2448; x_wconf 79' lang='lat' dir='ltr'>lingua</span> <span class='ocrx_word' id='word_1_105' title='bbox 859 2356 1021 2427; x_wconf 85' lang='lat' dir='ltr'>Ravisius</span> <span class='ocrx_word' id='word_1_106' title='bbox 1049 2380 1134 2426; x_wconf 90' lang='lat' dir='ltr'>usus</span> <span class='ocrx_word' id='word_1_107' title='bbox 1156 2363 1269 2426; x_wconf 83' lang='lat' dir='ltr'>esset!</span> 
     </span>
     <span class='ocr_line' id='line_1_16' title="bbox 208 2477 1321 2574; baseline 0.005 -28"><span class='ocrx_word' id='word_1_108' title='bbox 208 2477 254 2546; x_wconf 85' lang='lat' dir='ltr'>At</span> <span class='ocrx_word' id='word_1_109' title='bbox 277 2480 400 2550; x_wconf 81' lang='lat' dir='ltr'>saltem</span> <span class='ocrx_word' id='word_1_110' title='bbox 414 2480 520 2574; x_wconf 82' lang='lat' dir='ltr'><strong>hujus</strong></span> <span class='ocrx_word' id='word_1_111' title='bbox 539 2483 626 2552; x_wconf 83' lang='lat' dir='ltr'>liber</span> <span class='ocrx_word' id='word_1_112' title='bbox 640 2482 677 2552; x_wconf 91' lang='lat' dir='ltr'>in</span> <span class='ocrx_word' id='word_1_113' title='bbox 697 2481 792 2552; x_wconf 86' lang='lat' dir='ltr'>brevi</span> <span class='ocrx_word' id='word_1_114' title='bbox 819 2483 916 2574; x_wconf 80' lang='lat' dir='ltr'>quasi</span> <span class='ocrx_word' id='word_1_115' title='bbox 948 2483 1073 2554; x_wconf 88' lang='lat' dir='ltr'>tabella</span> <span class='ocrx_word' id='word_1_116' title='bbox 1095 2481 1271 2554; x_wconf 87' lang='lat' dir='ltr'>Navarrici</span> <span class='ocrx_word' id='word_1_117' title='bbox 1317 2541 1321 2551; x_wconf 91' lang='lat'><em>.</em></span> 
     </span>
     <span class='ocr_line' id='line_1_17' title="bbox 210 2605 1319 2702; baseline 0.005 -31"><span class='ocrx_word' id='word_1_118' title='bbox 210 2605 397 2695; x_wconf 87' lang='lat' dir='ltr'>etquidem</span> <span class='ocrx_word' id='word_1_119' title='bbox 417 2607 537 2678; x_wconf 80' lang='lat' dir='ltr'>Gallici</span> <span class='ocrx_word' id='word_1_120' title='bbox 557 2607 624 2679; x_wconf 88' lang='lat' dir='ltr'>hac</span> <span class='ocrx_word' id='word_1_121' title='bbox 646 2617 745 2679; x_wconf 76' lang='lat' dir='ltr'>etate</span> <span class='ocrx_word' id='word_1_122' title='bbox 764 2609 888 2679; x_wconf 85' lang='lat' dir='ltr'>theatri</span> <span class='ocrx_word' id='word_1_123' title='bbox 914 2608 1102 2699; x_wconf 78' lang='lat' dir='ltr'>imaginem</span> <span class='ocrx_word' id='word_1_124' title='bbox 1118 2608 1270 2702; x_wconf 87' lang='lat' dir='ltr'>jucunde</span> <span class='ocrx_word' id='word_1_125' title='bbox 1315 2647 1319 2654; x_wconf 93' lang='lat'><em>·</em></span> 
     </span>
     <span class='ocr_line' id='line_1_18' title="bbox 209 2731 519 2848; baseline 0.019 -51"><span class='ocrx_word' id='word_1_126' title='bbox 209 2731 439 2823; x_wconf 75' lang='lat' dir='ltr'>amplectitur.</span> <span class='ocrx_word' id='word_1_127' title='bbox 503 2803 519 2848; x_wconf 34' lang='grc' dir='ltr'>ψ</span> 
     </span>
    </p>
   </div>
   <div class='ocr_carea' id='block_1_4' title="bbox 259 2963 767 3040">
    <p class='ocr_par' dir='ltr' id='par_1_5' title="bbox 259 2963 767 3040">
     <span class='ocr_line' id='line_1_19' title="bbox 259 2963 767 3040; baseline 0.01 -20"><span class='ocrx_word' id='word_1_128' title='bbox 259 2963 283 3021; x_wconf 89' lang='lat' dir='ltr'>l.</span> <span class='ocrx_word' id='word_1_129' title='bbox 304 2967 339 3024; x_wconf 83' lang='lat' dir='ltr'>V.</span> <span class='ocrx_word' id='word_1_130' title='bbox 356 2968 558 3026; x_wconf 79' lang='lat' dir='ltr'>Praefationem</span> <span class='ocrx_word' id='word_1_131' title='bbox 570 2968 767 3040; x_wconf 77' lang='lat' dir='ltr'>Dialogorum.</span> 
     </span>
    </p>
   </div>
   <div class='ocr_carea' id='block_1_5' title="bbox 0 0 1576 5066">
    <p class='ocr_par' dir='ltr' id='par_1_6' title="bbox 0 0 1576 5066">
     <span class='ocr_line' id='line_1_20' title="bbox 0 0 1576 5066; baseline 0 7"><span class='ocrx_word' id='word_1_132' title='bbox 0 0 1576 5066; x_wconf 95' lang='lat' dir='ltr'> </span> 
     </span>
    </p>
   </div>
  </div>
 </body>
</html>
