3142 5066
673 537 851 603 ..37-

160 740 166 756 ·
232 714 357 787 saeoulo
387 709 533 801 scriptus
566 706 681 790 fuerit,
717 706 754 775 in
786 708 904 780 schola
937 719 1137 788 monasterii
1178 733 1294 795 actum

229 843 350 924 fuisse,
381 834 479 930 quasi
511 833 704 926 prologum,
736 842 922 925 antequam
951 838 1100 911 Terentii
1127 851 1295 922 comoedia

229 967 460 1037 induceretur.

297 1094 381 1161 Haec
398 1097 492 1158 meta
515 1083 790 1176 investigationis
815 1096 955 1158 nostrae.
982 1091 1072 1163 Nam
1094 1093 1136 1164 de
1165 1097 1294 1178 Querclo

234 1217 349 1289 omnia
373 1193 503 1283 incerta
534 1218 635 1279 sunt:
663 1211 755 1300 quod
788 1211 881 1280 enim
904 1215 1052 1304 pertinet
1072 1218 1116 1288 ad
1138 1219 1293 1314 dialogos

235 1343 293 1436 qui
308 1343 545 1410 Romanorum
554 1344 708 1426 tempore
718 1334 756 1402 in
768 1335 947 1408 rhetorum
961 1341 1088 1411 scholis
1102 1344 1293 1417 recitaban-

233 1477 301 1552 tur,
332 1474 370 1534 ut
398 1464 550 1556 profana
580 1483 655 1530 rem
689 1461 902 1553 antiquitatis
928 1488 1000 1536 non
1033 1449 1294 1560 disquirendum

233 1588 488 1662 constituimus.
987 1607 990 1614 ’

293 1716 348 1786 Ad
362 1733 546 1795 summam,
559 1709 764 1802 posthabitis
778 1712 957 1782 rhetorum
972 1719 1160 1809 tragoediis,
1177 1730 1209 1790 et
1226 1723 1295 1793 sin-

233 1839 396 1933 gulariter
406 1836 540 1907 Hosidii
550 1836 645 1906 Getae
654 1837 794 1921 Medeo¹,
807 1837 836 1906 si
846 1846 1000 1932 tempora
1011 1845 1124 1914 solum
1132 1846 1173 1915 ah
1181 1848 1295 1920 Media

232 1967 346 2036 AEtate
355 1963 584 2057 prospexeris
601 1962 638 2031 in
652 1970 800 2053 quatuor
811 1971 925 2055 partes
937 1966 1207 2041 distribuendam
1219 1995 1293 2044 esse
1321 2041 1325 2049 ,
1397 1985 1405 2006 ’

218 2089 362 2182 ¹patebit
382 2097 580 2168 nostrarum
601 2087 848 2157 comoediarum
866 2088 1047 2160 historiam
1071 2101 1150 2162 ante
1168 2095 1294 2166 Texto-
1399 2163 1402 2169 Δ

232 2239 318 2301 rem,
336 2237 483 2308 quarum
504 2213 654 2306 partium
677 2213 713 2282 in
734 2215 952 2284 monasteriis
975 2216 1064 2302 duae,
1082 2218 1159 2290 duee
1179 2229 1295 2290 autem

233 2341 270 2410 in
283 2341 574 2413 Universitatihus
590 2340 814 2432 explicantur.

299 2471 455 2541 Primum
475 2469 579 2554 enim,
606 2468 696 2538 circa
713 2491 862 2558 regnum
889 2469 1003 2540 Caroli
1029 2472 1158 2564 Magni,
1188 2497 1296 2566 quum

233 2595 344 2690 gratia
366 2595 547 2664 Terentius
568 2595 723 2686 polleret,
744 2595 905 2665 monachi
924 2596 1067 2686 agendis
1083 2601 1158 2692 ejus
1173 2623 1297 2672 comoe

235 2725 299 2796 diis
313 2724 488 2794 interdum
500 2722 686 2793 indulsisse
705 2722 876 2793 videntur.

300 2855 347 2922 At
374 2851 541 2944 paulatim
562 2850 833 2920 increscentibus
846 2850 997 2921 tenebris
1015 2874 1122 2943 quum
1137 2856 1297 2926 sacerdo·

234 2990 310 3049 tum
325 2979 490 3049 adversus
504 2979 680 3046 Romanos
695 2984 853 3046 auctores
875 2976 953 3046 odio
968 2978 1086 3046 nullus
1104 2978 1217 3078 Caroli
1235 3005 1298 3050 rex

235 3104 380 3174 aemulus
401 3103 563 3186 obstaret,
586 3099 655 3192 legi
676 3107 811 3169 tantum
829 3100 957 3193 incepit
976 3102 1171 3188 Terentius,
1193 3128 1298 3196 quam

235 3251 352 3297 curam
379 3225 535 3297 etmulti
560 3223 799 3294 damnabant2.
829 3225 898 3295 Sed
913 3248 1021 3316 quum
1043 3226 1149 3298 insito
1173 3230 1297 3300 animis

235 3353 448 3444 agendarum
466 3351 661 3422 fabularum
676 3350 809 3435 ardore,
838 3373 933 3420 sacra
951 3351 987 3420 in
1008 3352 1161 3422 ecclesiis
1175 3355 1297 3446 paula-

233 3480 298 3549 tim
312 3477 458 3568 dialogis
473 3475 712 3561 miscerentur,
729 3475 930 3567 prodierunt
940 3480 1096 3565 Mirocolc
1108 3494 1187 3569 'quae
1207 3479 1236 3549 si
1257 3503 1298 3549 ex

233 3604 525 3675 monasteriorum
551 3601 678 3672 scholis
714 3610 833 3672 exorta
861 3601 1008 3671 fuissent
1030 3603 1117 3672 nihil
1140 3605 1295 3691 mirarer,

235 3753 342 3822 quum
360 3729 480 3822 primis
499 3728 590 3797 inter
611 3750 664 3813 ea,
692 3751 768 3819 quae
787 3727 929 3798 ineunte
943 3729 1147 3800 duodecimo
1171 3733 1298 3802 saoulo

289 3942 314 3999 1.
336 3944 369 3998 In
382 3943 551 4015 anthologia
563 3961 649 4016 quarn
668 3944 814 3998 recensuii
827 3945 860 4000 A.
877 3944 972 4008 Riese,
987 3964 1014 4018 p.
1030 3945 1074 4000 49.

286 4041 314 4096 2.
331 4061 344 4094 c
354 4041 427 4096 Sunt
437 4043 524 4096 etiem
532 4041 584 4096 alii
596 4043 687 4096 sacris
698 4041 871 4096 inhaerentes
881 4042 1008 4115 paginis,
1019 4045 1067 4115 qui
1079 4043 1147 4098 lieet
1158 4044 1216 4098 alia
1227 4063 1299 4116 gen·

235 4140 332 4196 tilium
347 4147 496 4214 spernant,
507 4141 636 4196 Terentii
651 4148 747 4196 tamen
762 4143 900 4211 figmenta
912 4144 1090 4214 frequentius
1109 4145 1251 4216 lectitant,
1271 4153 1299 4200 et

236 4239 303 4294 dum
324 4239 478 4294 dulcedine
498 4239 640 4295 sermonis
655 4239 835 4295 delectantur
860 4241 1048 4296 nefandarum
1075 4243 1179 4298 notitia
1202 4261 1299 4300 rerum

153 4389 155 4396 ,
236 4339 418 4394 maculantur
432 4338 616 4411 (Hroswithae
629 4339 731 4412 praet).
