3142 5066
667 442 845 510 ..17-

223 613 347 685 tabula
375 610 419 682 ad
444 608 573 702 proprii
598 607 746 678 cubiculi
772 610 916 700 januam
943 628 1121 700 suspensa
1149 607 1286 679 fuerant

220 737 347 832 (1534),
367 732 622 828 typographica
634 733 716 802 artis
726 732 918 801 libertatern
932 731 1059 800 arctius
1073 731 1280 818 cohibuisse,

217 860 408 955 praesertim
423 882 531 951 quum
551 859 592 928 de
607 856 703 926 libris
726 865 887 946 ageretur
901 855 1046 926 satiricis
1060 865 1121 926 aut
1135 879 1283 949 quorum

220 1009 322 1058 causa
346 983 468 1076 religio
503 981 648 1053 derideri
675 988 805 1074 posset.
835 981 1077 1073 Opportunum
1104 990 1221 1052 autem
1252 985 1282 1053 si
1319 1019 1322 1026 ·
1389 975 1391 986 ⁴

220 1114 338 1183 credas
352 1109 512 1195 editores,
530 1132 593 1178 seu
602 1109 882 1179 Lutberanorum
890 1107 1101 1178 novitatibus
1115 1109 1281 1193 faverent,

219 1260 293 1322 seu,
314 1234 444 1305 Pererii
462 1233 570 1303 instar
596 1237 774 1320 cymbalum
801 1238 910 1303 muudi
938 1235 1060 1304 eodem
1085 1257 1176 1305 anno
1197 1236 1282 1305 scri-

189 1413 191 1418 ,
214 1361 340 1447 hentis,
358 1382 581 1452 quaecumque
600 1380 707 1443 saera,
728 1366 767 1427 ut
782 1357 928 1427 similius
943 1358 1015 1428 veri
1037 1367 1101 1443 est,
1129 1368 1281 1430 contem·

215 1497 349 1572 nerent,
382 1487 537 1557 alacriter
572 1485 698 1556 talibus
741 1485 953 1555 dramatibus
989 1507 1072 1555 usos
1105 1485 1212 1556 fuisse
1239 1488 1282 1558 ad

216 1614 390 1685 catholicae
415 1612 566 1682 ecclesia
594 1611 794 1682 ludibrium.
819 1612 909 1682 Nam
935 1610 1108 1696 Ravisius,
1126 1612 1281 1704 quamvis

214 1739 305 1810 hanc
319 1736 521 1826 ecclesiam,
547 1739 646 1830 cujus
668 1758 747 1828 pars
770 1744 854 1820 erat,
876 1736 971 1806 nullo
994 1737 1099 1806 modo
1121 1735 1282 1806 insectari

144 1855 147 1860 ’
213 1864 328 1949 vellet,
344 1862 440 1932 haud
456 1885 566 1953 pauca
593 1871 722 1946 tamen,
749 1862 934 1954 aequalium
965 1885 1075 1948 more,
1104 1862 1141 1931 in
1167 1886 1281 1934 sacer-

216 1989 313 2057 dotes
334 1986 516 2080 scripserat
535 2009 542 2056 :
564 1985 657 2056 idem
671 1995 837 2079 praeterea
851 2010 930 2057 cum
945 1986 1156 2057 damonibus
1172 2010 1280 2080 ange·

109 2169 112 2176 .
215 2114 266 2183 los
285 2113 322 2182 in
339 2113 474 2205 pulpita
487 2115 696 2198 traduxerat,
710 2114 912 2206 plerumque
924 2113 1124 2205 simpliciter
1139 2123 1173 2184 et
1187 2122 1282 2184 extra

211 2239 350 2329 jocum;
373 2238 434 2307 sed
458 2237 531 2307 haee
545 2247 624 2330 post
637 2239 778 2330 triginta
796 2261 906 2311 annos
925 2224 1071 2309 ridicula
1084 2238 1193 2310 videri
1216 2265 1281 2333 po-

214 2371 337 2449 terant,
356 2386 463 2455 quum
472 2365 545 2454 jam
557 2364 746 2434 Lutherani
760 2367 919 2453 Mysteriia
931 2365 1129 2434 illuderent.
1148 2364 1280 2435 Editori

214 2497 341 2574 autem,
363 2489 479 2559 omnia
494 2490 536 2559 ob
551 2489 788 2560 intermissum
808 2500 945 2584 tempus
967 2514 1038 2561 non
1057 2490 1278 2582 intelligenti,

216 2612 346 2682 comica
377 2613 538 2683 videntur
573 2615 701 2706 quaevis
737 2616 893 2686 Textoris
921 2616 1074 2687 dramata
1108 2615 1281 2708 dignaque

215 2737 339 2829 quibus
359 2737 631 2808 adolescentium
650 2740 829 2811 lasciviant
852 2748 886 2810 et
909 2741 1142 2810 exhilarentur
1160 2739 1277 2810 animi.

214 2862 381 2947 Quocirca
404 2861 505 2932 nobis
531 2863 588 2933 hic
611 2864 697 2935 liber
714 2866 850 2936 videtur
871 2865 1008 2937 satirica
1025 2874 1141 2935 mente
1166 2866 1279 2937 denuo

212 2986 248 3056 in
264 2988 393 3078 vulgus
413 2987 575 3057 emissus.

281 3115 351 3184 Sed
371 3138 479 3207 quum
498 3117 583 3207 jam,
606 3123 644 3184 ut
658 3114 706 3184 ita
725 3115 848 3200 dicam,
879 3087 993 3185 carcer
1006 3116 1039 3186 J.
1059 3115 1195 3185 Morino
1223 3115 1282 3207 qui

214 3243 392 3328 (irmbutum
417 3245 526 3311 muudi
552 3242 709 3335 proximo
728 3264 820 3312 anno
844 3242 934 3335 typis
954 3242 1131 3312 mandavit
1148 3264 1284 3334 parare-

148 3455 150 3460 ·
214 3377 291 3452 tur;
313 3391 420 3460 quum
435 3369 513 3438 finis
526 3378 649 3463 sponte
665 3378 822 3462 sumptus
835 3369 1027 3455 Pererium,
1043 3390 1150 3460 rogus
1167 3377 1283 3438 autem

214 3495 376 3565 Boletum
393 3505 561 3582 maneret,
587 3505 687 3567 cauto
716 3518 803 3587 opus
828 3504 900 3565 erat
915 3503 954 3564 ut
967 3495 1184 3584 dialogorum
1199 3515 1281 3564 nos·

213 3629 346 3690 trorum
371 3621 531 3691 malevoli
561 3622 709 3693 editores
733 3621 774 3692 ab
795 3621 889 3692 omni
923 3620 1077 3713 periculo
1106 3619 1280 3706 abessent,

214 3745 305 3837 quod
332 3746 369 3814 in
397 3770 518 3816 eorum
544 3748 633 3818 votis
662 3748 770 3818 fuisse
797 3747 946 3818 videtur.
975 3745 1015 3816 ld
1040 3745 1153 3816 solum
1176 3745 1283 3835 igitur

213 3869 288 3938 ausi
302 3880 383 3940 sunt
397 3873 489 3963 quod
513 3873 655 3966 impune
676 3875 873 3944 audendum
887 3880 1108 3966 putaverunt.
1123 3870 1282 3940 Primum

213 3995 369 4085 quamvis
382 3997 544 4088 praeolaro
558 3996 734 4070 Navarrici
749 3999 967 4091 praeceptoris
982 3996 1134 4085 nomine,
1157 3994 1280 4088 ipsius-

213 4141 279 4210 que
293 4121 465 4207 Navarrae,
483 4122 613 4193 scilicet
628 4122 803 4193 catholicae
821 4122 900 4193 fidei
916 4121 1003 4190 arcis
1018 4122 1110 4189 fama
1124 4126 1280 4209 tegeren-

213 4253 281 4331 tur,
311 4247 467 4338 dialogos
487 4247 792 4340 epigrammatibus
805 4248 978 4339 variisque
994 4243 1209 4338 poematibus
1228 4243 1279 4312 in-
