3142 5066
660 503 838 576 ..27-

215 678 309 747 tione
325 644 477 745 filiorum
501 671 651 765 Philippi
667 670 834 742 Electoris
848 671 997 740 Palatini
1009 697 1026 738 u
1042 672 1282 766 Heidelbergae

218 801 505 896 quoque‚'coram
528 800 680 891 principe
700 799 901 890 culmisque,
923 821 943 868 a
964 798 1169 891 quibusdam
1186 800 1284 871 scho-

216 932 344 1002 lasticis
364 929 559 999 recitandos
586 927 717 998 curavit
729 928 754 995 ¹.
777 927 889 997 Celtas
904 935 1021 996 antem
1039 949 1155 996 coram
1172 927 1282 997 Maxi-

216 1057 358 1126 miliano
373 1057 610 1125 Romanorum
628 1077 711 1145 rege
730 1075 925 1146 sponsaque
942 1045 1018 1144 ejus
1030 1053 1157 1122 Blanoa
1174 1054 1283 1124 Maria

219 1182 375 1252 exhibuit
399 1181 537 1250 Ludum
551 1179 671 1248 Dianae
689 1178 802 1271 (1500)
812 1178 840 1246 ².
859 1177 1052 1247 Philomusi
1068 1187 1147 1247 sunt
1162 1179 1283 1249 Sebas-

217 1303 371 1394 tianiqno
386 1301 515 1370 Brandt
529 1300 618 1368 inter
637 1307 759 1368 catera
783 1301 979 1369 Moralitoteo
993 1324 1003 1367 :
1019 1320 1166 1390 quorum
1188 1299 1282 1392 prior

216 1428 253 1498 in
265 1427 400 1498 Jndicio
414 1425 560 1509 Paridis,
577 1425 686 1494 tribus
700 1423 830 1494 'deabus
850 1424 969 1509 vitam
990 1432 1029 1493 ut
1046 1425 1104 1509 eit,
1128 1433 1286 1494 contem-¹

217 1553 391 1646 plativam,
412 1553 558 1641 activam
579 1573 618 1620 ac
641 1551 869 1643 voluptariam
895 1551 1153 1643 repraesentat³.
1166 1551 1282 1624 Virtu-

214 1854 354 1929 principis
375 1853 500 1925 primum
527 1851 716 1908 cancellarius
732 1851 835 1934 deinde
856 1852 961 1925 praesul
984 1860 1017 1921 et
1036 1855 1158 1909 antistes
1177 1856 1278 1914 evasit.

215 1953 333 2026 Stylpho
346 1969 382 2008 ex
397 1952 466 2005 urbe
481 1952 625 2023 profectus
637 1968 751 2006 saccum
771 1951 860 2005 bullis
877 1950 1044 2024 apostolicis
1058 1960 1087 2007 ot
1098 1954 1280 2025 processibus

215 2052 331 2124 plenum
346 2051 529 2123 'asportabat
551 2050 588 2104 Et
606 2050 705 2105 eadem
727 2051 800 2104 forte
819 2055 987 2123 tempestate
1002 2057 1121 2122 uterque
1135 2054 1280 2107 communi

215 2149 272 2203 fuit
286 2149 317 2202 in
331 2149 437 2219 patria.
451 2148 621 2204 Vincentius
641 2148 776 2202 illuditur
782 2163 791 2216 ;
815 2149 1021 2218 magnificatur
1045 2151 1174 2223 Stylpho‚
1197 2155 1279 2223 cujus

216 2253 312 2302 tamen
327 2248 427 2318 gratiae
441 2247 483 2302 nil
496 2249 610 2303 roboris
626 2248 822 2302 sortiebantur
838 2266 845 2302 :
863 2249 912 2318 qui
922 2266 973 2320 per
985 2249 1180 2322 ignorantiam
1196 2267 1278 2305 coac·

215 2353 262 2402 tus
292 2348 459 2416 renuntiare
487 2346 577 2402 bullis
612 2349 726 2402 demum
752 2346 961 2420 pascendorum
985 2367 1069 2403 suum
1096 2349 1278 2422 provinciam

216 2447 351 2519 suscepit.
375 2466 388 2500 o

268 2547 404 2616 Excerpto
423 2562 437 2600 e
447 2546 569 2618 proloqu.
597 2547 749 2600 «Obsecro
769 2547 857 2601 etiam
877 2546 1102 2602 humanissimos
1124 2554 1222 2618 patres
1246 2553 1279 2602 ut

214 2646 267 2700 hos
278 2647 360 2715 jocos
373 2643 443 2698 salis
459 2651 588 2716 expertes
601 2645 633 2698 in
644 2645 698 2699 hac
709 2645 816 2716 jejunii
827 2648 996 2716 tempestate
1014 2663 1076 2718 quae
1090 2646 1166 2699 serio
1180 2646 1278 2715 gravi-

215 2746 329 2814 tateque
342 2743 554 2814 potiusegeret‚
569 2760 650 2813 aequo
663 2742 825 2797 auscultent
844 2743 951 2800 animo.
969 2762 983 2795 u

181 2891 182 2896 ,
268 2841 290 2895 E
304 2842 402 2896 fabula
414 2841 477 2913 ip'sa
492 2847 626 2914 excerpta
636 2841 700 2895 vide
713 2842 841 2912 quaedam
857 2859 917 2912 cap.
933 2858 969 2896 1v.

269 2940 294 2995 1.
316 2939 479 3012 Philippico,
495 2944 648 3010 Argentor.
663 2939 743 3006 1498,
758 2940 835 2996 in-40
846 2940 884 3008 (C.
900 2940 1048 3010 Schmidt).

267 3039 294 3094 2.
316 3059 328 3092 n
340 3040 436 3094 Ludus
455 3038 554 3094 Dianae
566 3040 596 3094 in
605 3040 719 3095 modum
734 3041 880 3096 comoediae
896 3057 992 3096 coram
1004 3040 1205 3096 Maximiliano
1218 3041 1278 3097 Ro-

215 3156 365 3194 manorum
379 3157 448 3211 rege
459 3139 592 3194 kalendis
607 3141 721 3195 martiis
738 3148 767 3195 et
782 3141 859 3196 ludis
875 3141 1072 3196 saturnalibus
1086 3141 1117 3196 in
1128 3158 1193 3197 arce
1207 3143 1278 3197 Lin-

215 3237 295 3292 linna
309 3238 435 3292 Danubii
457 3245 538 3293 actus
560 3257 568 3292 :
593 3240 817 3295 clementissimo
838 3258 905 3312 rege
927 3243 955 3295 et
977 3242 1080 3312 regina
1101 3242 1277 3313 ducibusque

215 3337 380 3392 illustribus
393 3337 551 3392 Mediolani
574 3344 691 3409 totaque
704 3341 785 3412 regia
807 3340 889 3395 curia
914 3341 1133 3414 spectatoribus.
1155 3339 1210 3394 Per
1222 3341 1278 3395 Pe·

217 3442 293 3491 trum
312 3437 471 3491 Bonomum
490 3438 603 3508 regium
630 3438 847 3504 cancellarium,
864 3445 930 3503 etc,
956 3439 1082 3494 feliciter
1097 3445 1125 3492 et
1150 3439 1277 3510 jucunde

215 3536 665 3609 repraesentatus-impressum
677 3537 872 3610 Nurimberge
880 3536 1000 3593 MGCCC
1013 3555 1026 3591 o
1037 3533 1117 3591 Indu
1129 3534 1204 3590 Bibl.
1215 3540 1275 3596 nat.

217 3633 303 3704 Cujus
318 3633 403 3687 finis:

431 3801 591 3856 Maximiano
603 3805 670 3866 vale,
683 3805 773 3857 valeas
784 3805 840 3871 jam
854 3803 954 3854 Blanca
965 3801 1057 3854 Maria.

463 3895 523 3944 Jam
537 3899 629 3960 repeto
641 3894 726 3960 sylvas
738 3895 796 3960 ipsa
807 3894 894 3945 Diana
908 3907 990 3944 meas.

216 4093 248 4147 in
276 4109 333 4164 qua
360 4094 508 4160 comoedia,
535 4095 638 4162 Diana,
658 4096 830 4158 Mercurius.
853 4095 1002 4168 sylvanus,
1028 4101 1094 4159 eta,
1120 4092 1184 4165 regi
1200 4091 1279 4162 regi-

218 4208 318 4262 naeque
332 4193 548 4248 matrimonium
562 4181 755 4266 gratulantur.

271 4287 297 4342 3.
319 4287 410 4349 Catal.
424 4290 554 4350 Soleinoe.
