3142 5066
648 1129 795 1200 CAPUT
818 1132 851 1199 ll

291 1441 330 1486 DE
350 1440 506 1487 COMOEDIIS
530 1441 748 1490 COLLEGIORUM
770 1443 804 1488 IN
827 1444 940 1490 GALLIA
962 1445 1079 1493 RAVISII
1102 1448 1208 1494 AETATE

526 1559 585 1604 NEC
607 1559 672 1605 NON
693 1559 774 1606 ANTE
797 1560 964 1608 newsum.

283 1889 323 1957 In
353 1887 558 1981 quibusdam
586 1892 731 1984 Europae
757 1892 957 1983 regionibus
987 1920 1067 1966 vere
1093 1897 1278 1970 latinarum

214 2014 406 2084 litterarum
426 2016 539 2086 studio
557 2018 795 2088 conduxerunt
814 2023 1048 2112 promovendo
1080 2026 1279 2117 gymnasio-

216 2164 295 2210 rum
313 2141 502 2212 comoediae.
516 2142 713 2213 Praesertim
736 2147 827 2238 apu'd
841 2147 1029 2218 Germanos
1043 2149 1094 2242 (ut
1115 2151 1280 2222 sileantur

218 2265 293 2336 Itali
314 2267 373 2358 qui
400 2267 602 2360 plerumque
633 2269 690 2339 vel
704 2271 878 2340 Romanas
908 2273 965 2342 vel
987 2274 1030 2344 ad
1044 2275 1280 2346 Romanarum

218 2390 368 2481 effigiem
388 2392 531 2484 scriptas
550 2394 683 2497 fabulas
707 2404 869 2489 extraque
889 2400 1070 2490 gymnasia
1088 2401 1124 2470 in
1140 2424 1279 2479 scenam

217 2516 438 2610 inducebant)
467 2518 569 2587 utiles
591 2510 724 2590 mature
743 2521 826 2591 visae
852 2531 933 2591 sunt
958 2523 1013 2593 hae
1040 2525 1215 2595 comoediae
1237 2526 1280 2596 ad

216 2643 364 2712 latinum
402 2666 598 2714 sermonem
636 2646 870 2742 ediscendum,
906 2648 1207 2741 auferendamque‚
1241 2657 1279 2717 ut

217 2769 366 2854 aiebant,
378 2769 508 2860 linguae
526 2769 753 2862 stribliginem
768 2793 808 2840 ac
824 2771 1054 2863 rubiginem¹.
1066 2775 1156 2844 Nam
1171 2795 1279 2864 quum

217 2896 255 2965 in
269 2895 408 2976 illorum
422 2894 630 2979 Academiis,
644 2894 917 2987 nominatimque
931 2895 1181 2987 Heidelbergae,
1198 2895 1280 2964 talia

218 3022 383 3106 dramata,
411 3027 499 3089 teste
526 3023 672 3092 Maenali
695 3020 922 3108 scltolort'um',
952 3021 989 3089 in
1015 3020 1126 3113 quinti
1154 3019 1279 3090 decimi

220 3146 337 3216 sacculi
349 3146 462 3238 priore
478 3153 573 3238 parte
596 3154 655 3214 aut
672 3145 848 3236 incognita
863 3155 922 3215 aut
936 3147 1059 3215 saltem
1081 3168 1158 3214 rara
1173 3145 1280 3214 luisse

219 3273 413 3357 videantur,
436 3279 555 3363 utpote
567 3270 741 3362 theologis
755 3271 910 3361 indigna,
936 3279 1039 3363 atque
1059 3269 1281 3339 scholastico-

220 3421 298 3468 rum
327 3397 363 3466 in
391 3396 575 3466 Germania
605 3396 778 3466 rusticitas
811 3406 871 3466 aut
897 3396 1015 3489 putida
1041 3398 1141 3465 bracii
1165 3398 1281 3483 depost·
1352 3474 1354 3480 ¹

220 3527 302 3593 tione
316 3522 329 3568 ³
345 3532 405 3593 aut
428 3522 622 3593 cloacarum
646 3520 888 3614 purgatoribus
915 3519 1158 3591 conturbandis
1174 3520 1200 3605 ⁴,
1223 3529 1283 3590 aut

265 3703 289 3754 1.
474 3701 543 3753 Nam
555 3701 577 3752 si
594 3702 622 3751 in
637 3717 668 3752 ea
682 3701 785 3766 agenda
799 3699 946 3751 exercearis
963 3700 1055 3752 sedulo

471 3791 581 3856 Linguae
596 3791 700 3841 auferas
718 3790 896 3854 stribliginem
909 3804 940 3839 ac
950 3789 1110 3854 rubiginem.

626 3881 807 3946 (Macropedii‚
820 3879 958 3930 Andriscae
973 3878 1119 3944 prologus.)

273 3971 299 4026 2.
320 3973 403 4028 Anno
420 3970 498 4038 1480,
518 3973 642 4046 primum
659 3973 733 4045 typis
749 3973 884 4027 mandato
901 3978 929 4026 et
946 3971 1020 4043 quod
1034 3970 1178 4026 recentius
1193 3969 1284 4025 edidit

221 4069 350 4125 Zarncke
360 4071 390 4123 in
398 4069 449 4127 Die
456 4069 605 4127 Deutrcbco
613 4068 830 4128 Univrrct'tortea
838 4069 876 4126 im
884 4069 914 4129 M
917 4068 1054 4126 ittelulter.
1065 4067 1193 4140 Leipzig,
1202 4067 1281 4123 1857.

274 4167 300 4223 3.
321 4169 401 4224 Man.
414 4167 607 4234 Scholarium‚
621 4187 649 4242 p.
666 4168 693 4223 4.
791 4241 794 4246 Δ

274 4266 302 4323 4.
322 4268 358 4322 V.
374 4267 517 4322 Libellum
534 4267 719 4322 formularem
733 4265 939 4323 Universitatis
953 4265 1130 4338 Lipczensis‚
1144 4265 1252 4320 aditum
1267 4281 1285 4319 a

224 4365 364 4431 Zarneke‚
376 4383 425 4437 op.
440 4365 531 4429 laud„
547 4384 575 4438 p.
589 4363 650 4419 175.
