3142 5066
653 575 832 643 ..79-

208 745 264 806 tus
280 759 319 806 ao
345 736 538 806 sacerdotes
554 735 682 805 derisit.
704 736 800 805 Idem
816 730 1038 803 scholasticos
1059 730 1096 798 in
1119 724 1270 798 tabernis

211 884 290 930 cum
316 848 554 929 meretricibus
583 869 741 951 potantes
768 859 930 928 ostendit.
951 856 1060 947 Cujus
1088 877 1159 923 non
1181 875 1271 944 prae·

211 983 421 1053 termittendi
435 984 582 1076 prologi,
600 985 772 1076 inquibus
788 983 1001 1054 adversarios
1018 982 1209 1070 impugnat,
1220 981 1272 1044 ut·

211 1118 290 1200 pote
319 1130 423 1177 ausos
453 1109 580 1179 dixisse
610 1117 702 1178 actas
739 1109 780 1179 ab
812 1131 852 1177 eo
879 1107 986 1176 fuisse
1018 1127 1093 1196 quae
1117 1099 1272 1170 moribus

213 1233 374 1303 obessent
400 1235 598 1304 comoedias.

310 1430 430 1492 Mensis
443 1433 548 1509 agitur
562 1431 774 1504 duodecimus,
793 1431 875 1508 quod
889 1428 1015 1488 ultimos

310 1539 516 1600 Exhibuimus
532 1542 569 1600 de
582 1559 669 1601 more
682 1529 774 1599 ludos
787 1539 939 1600 scenicos

311 1654 407 1732 Cujus
422 1657 470 1716 rei
486 1658 649 1735 explicabo
665 1675 789 1718 oausam
808 1654 975 1733 duplicem.

307 1762 398 1822 Anno
414 1763 503 1824 fuere
523 1764 680 1842 superiori
694 1763 842 1823 malevoli

311 1869 370 1936 Qui
386 1872 562 1948 garrientes
575 1871 701 1950 publice
719 1878 750 1931 et
763 1870 922 1948 privatim,
940 1887 976 1926 eo

309 1975 483 2038 Dementiae
496 1995 623 2053 venere,
639 1986 673 2040 ut
689 1985 721 2038 et
733 1974 973 2047 blateraverint‚

310 2081 377 2142 Nos
392 2084 549 2161 quoslibet
562 2091 628 2144 tum
642 2083 872 2144 ecclesiasticos
887 2081 972 2140 viros

312 2189 390 2251 Tum
408 2191 575 2252 saeculares
587 2193 739 2271 praesides
753 2199 872 2262 taxare,
889 2188 927 2248 ad
944 2188 1010 2246 haec

312 2295 461 2359 Veterem
476 2299 642 2359 instituere
659 2301 760 2358 denuo
781 2296 1002 2357 comoediam...

313 2403 375 2464 Sed
390 2413 421 2465 et
435 2407 489 2466 alii
502 2408 591 2467 fuere
601 2408 659 2486 ,qui
674 2404 921 2467 adolescentulis

312 2511 406 2588 Mage
421 2515 531 2574 obesse
548 2535 638 2593 quam
651 2517 801 2593 prodesse
816 2514 908 2572 ludos
923 2507 1063 2571 scenicos

314 2617 540 2681 Contendcrint
554 2623 635 2698 quod
651 2640 691 2681 ex
713 2623 838 2682 theatro
855 2608 1099 2700 (utplurimum)

311 2725 372 2784 Vel
385 2727 551 2802 proniores
567 2730 669 2790 carnis
685 2731 723 2789 ad
735 2725 895 2788 lasciviam

311 2832 487 2910 Evaserint‚
504 2836 556 2895 vel
573 2837 697 2914 egerint
709 2836 868 2908 licentius,

313 2940 371 3000 Vel
384 2942 521 3009 vixerint
534 2944 726 3022 protervius,
742 2943 832 3021 quasi
847 2941 958 3002 vitium

312 3046 343 3107 N
345 3066 384 3106 on
398 3049 498 3109 indoli
511 3053 645 3112 hominis
659 3053 801 3124 insitum,
817 3052 871 3110 sed
884 3067 922 3108 ox
938 3047 978 3106 iis

313 3156 539 3219 Tantummodo
556 3179 624 3238 quae
640 3161 692 3238 agi
707 3161 865 3230 videntur,
888 3154 1033 3234 pullulet.

314 3261 389 3324 Plus
405 3266 514 3341 gratiae
530 3273 561 3327 et
577 3269 744 3344 probitatis
764 3265 874 3346 (ausim
890 3257 1008 3340 dicere)

313 3371 474 3448 Deprendi
484 3374 516 3432 in
530 3373 568 3434 iis
589 3375 641 3451 qui
656 3374 756 3433 libere
769 3380 801 3432 et
820 3369 959 3430 feliciter

312 3478 416 3553 Egere
430 3479 522 3538 ludos
539 3481 571 3539 in
586 3483 710 3540 theatro
726 3479 868 3540 scenicos

314 3585 412 3655 Quam
427 3587 460 3646 in
479 3588 517 3647 iis
532 3587 718 3664 frequenter
734 3587 786 3664 qui
802 3583 946 3666 (perinde
964 3580 1002 3640 ad
1016 3577 1118 3656 lyram

288 3775 291 3780 1
314 3691 416 3772 Asini)
432 3694 471 3752 ob
490 3695 707 3773 stupiditatem
721 3695 773 3753 vel
788 3689 999 3770 ignorantiam

313 3797 421 3859 Rebus
438 3803 586 3876 gerendis
602 3807 674 3861 sunt
688 3801 789 3877 inepti
803 3801 972 3859 dextere...

313 3905 467 3971 Caeterum
483 3909 536 3967 ubi
550 3910 684 3969 vidimus
700 3905 894 3984 gravissimis
908 3902 987 3963 viris

311 4013 483 4090 Doctisque
495 4023 637 4076 nostrum
658 4016 826 4093 displicere
843 4011 1016 4083 silentium,

314 4122 519 4181 Decrevimus
530 4121 621 4198 jocos
636 4123 789 4199 dolosque
803 4119 931 4184 Bassari

313 4227 413 4290 Vobis
426 4230 518 4288 modo
534 4230 683 4290 exhibere
698 4227 928 4298 festivissimus,

317 4337 376 4404 Qui
388 4336 561 4400 Praesidem
573 4346 605 4401 et
619 4339 783 4402 Pastorem
798 4343 830 4399 et
844 4335 923 4396 alios
937 4331 976 4394 ad
993 4349 1049 4394 sua
