3142 5066
657 470 836 564 ..33.'..

211 668 385 740 cessiones
414 664 505 758 apud
534 663 692 734 Bulaeum
725 662 986 734 abstinentibus
1016 670 1049 732 et
1085 683 1195 752 usque
1233 660 1276 730 ad
1363 699 1367 706 ·

212 791 461 865 5555151275ι
480 789 529 858 515
543 789 818 881 regredientibus
835 789 933 881 quasi
950 788 993 858 ad
1008 786 1189 880 originem.
1207 786 1276 856 Sed

210 920 322 991 multo
336 917 476 1008 longius
491 915 662 1007 respicere
676 916 727 985 las
744 923 808 984 est.

278 1045 381 1115 Forte
397 1051 569 1134 quaeretur
584 1064 628 1111 an
649 1064 770 1112 omnes
793 1040 1018 1132 collegiorum
1031 1038 1155 1110 labulae
1168 1036 1275 1106 latino
1289 1075 1291 1080 ·

213 1193 371 1242 sermone
383 1169 516 1261 scriptae
524 1169 663 1238 fuerint.
676 1167 816 1237 Certum
828 1177 879 1236 est
890 1165 1093 1259 gymnasiis,
1105 1186 1181 1256 quae
1194 1185 1275 1256 pos-

212 1308 267 1368 tea
290 1296 515 1368 vernaculum
540 1316 736 1364 sermonem
750 1295 971 1378 horruerunt,
995 1293 1032 1361 in
1044 1291 1158 1361 media
1177 1297 1275 1359 aetate

210 1422 370 1515 quaedam
385 1421 509 1510 gallica
523 1421 676 1491 dramata
688 1419 839 1490 admissa
851 1418 971 1488 luisse.
993 1417 1093 1500 Quod
1106 1421 1277 1484 testantur

211 1547 287 1616 duae
300 1547 494 1616 Morolttotes
522 1543 621 1613 annis
644 1546 727 1612 1131
760 1543 1015 1612 5111265515
1043 1541 1079 1609 in
1107 1538 1273 1610 Navarra.

210 1673 343 1744 Harum
369 1693 474 1739 unam
500 1669 633 1761 gallicis
652 1669 808 1739 versibus
835 1668 997 1761 scriptam
1024 1667 1132 1736 fuisse
1158 1672 1277 1735 monet

210 1797 299 1866 Bibl.
324 1797 402 1867 Nat.
432 1796 607 1887 catalogus
633 1795 959 1887 manuscriptorum,
984 1815 1130 1863 numero
1159 1791 1276 1882 signa-

212 1931 283 1990 tam
311 1924 409 1991 7218.
438 1921 606 1990 Neutram
623 1901 707 1990 uero
733 1920 819 1990 mihi
842 1920 958 1991 videre
981 1918 1089 2002 licuit,
1121 1914 1276 2008 quamvis

212 2047 312 2116 anxie
342 2045 583 2136 conquisitam,
618 2045 713 2115 falsis
745 2067 869 2136 nempe
898 2043 1069 2134 signatam
1108 2040 1273 2111 numeris.

212 2161 362 2242 Felicior
384 2171 520 2240 videtur
534 2170 642 2240 fuisse
665 2173 783 2258 Letous
804 2170 834 2238 si
849 2193 891 2240 ex
908 2169 1079 2239 Mercurio
1095 2167 1177 2238 anni
1191 2167 1276 2238 1729

213 2297 259 2390 (p.
277 2296 377 2388 2985)
392 2295 540 2387 judices.
563 2295 712 2366 Felicior
739 2303 772 2365 et
790 2296 847 2364 ille
872 2294 928 2364 cui
951 2295 988 2364 in
1008 2291 1277 2365 octavodecimo

213 2420 351 2505 saeculo,
379 2429 470 2490 texte
491 2419 655 2510 Catalogo
681 2425 717 2490 de
732 2423 885 2502 Soletooe,
910 2422 1036 2490 harum
1058 2421 1277 2491 Moralitotcm

212 2545 355 2613 alteram
383 2567 426 2613 ex
453 2544 688 2636 manuscripto
715 2547 801 2614 7218
830 2543 1022 2614 describere
1059 2541 1213 2634 contigit.
1245 2542 1278 2609 A

87 2670 106 2712 *³
209 2669 375 2762 Magnino
390 2671 518 2753 autem,
544 2692 652 2760 quum
666 2670 707 2740 de
723 2669 890 2740 ambobus
905 2670 1113 2755 meminerit,
1133 2690 1277 2738 resnou

215 2795 325 2865 oculis
357 2802 531 2885 comperta
550 2794 659 2863 fuisse
688 2794 835 2865 videtur.
863 2796 1058 2887 Utcumque
1094 2816 1129 2863 se
1157 2815 1197 2862 ea
1221 2812 1276 2860 res

211 2919 343 3004 hahuit,
366 2919 486 3011 quinto
511 2919 644 2989 decimo
667 2920 853 3013 incipiente
878 2922 1014 3005 saeculo,
1038 2922 1191 2990 Navarra
1202 2921 1277 3009 J'am

213 3046 465 3116 adolescentem
479 3044 569 3113 inter
583 3054 754 3114 nostrates
769 3047 993 3116 dramaticam
1012 3054 1121 3116 artem
1141 3043 1278 3113 videtur

191 3171 192 3174 ’
213 3169 456 3260 inolientelam
469 3191 567 3237 suam
579 3169 772 3260 suscepisse
789 3172 918 3264 (1126).

281 3294 435 3377 Quarum
467 3297 685 3362 lloralltotom
723 3296 823 3364 alteri
855 3297 976 3367 titulus
1012 3297 1118 3366 luisse
1142 3294 1279 3366 videtur

217 3448 234 3484 «
249 3419 415 3507 Dialogus
431 3417 522 3487 inter
536 3419 660 3504 Deum,
677 3419 855 3490 hominem
869 3445 909 3492 ac
927 3420 1142 3492 Diaboluml.
1168 3447 1184 3484 5
1205 3420 1277 3488 Ν55

144 3529 148 3539 ’
215 3544 441 3616 dubitandum
466 3552 518 3612 est
546 3543 772 3635 collegiorum
797 3548 982 3618 comoedias
1009 3570 1107 3616 sacro
1127 3545 1277 3637 quodam

212 3668 324 3758 magis
339 3690 379 3737 ao
387 3667 498 3758 magis
512 3667 609 3736 indui
625 3668 752 3752 colore,
768 3679 870 3760 prout
884 3671 927 3741 ad
941 3669 1136 3761 antiquiora
1153 3666 1276 3736 saecula

214 3793 356 3862 reditur.
385 3791 648 3862 Animadvertas
679 3792 783 3878 enim,
813 3818 885 3865 non
915 3797 1027 3866 solum
1052 3797 1093 3865 B.
1109 3793 1276 3865 Ludovioi

215 3918 303 3986 festo
324 3915 378 3986 die
398 3917 459 3984 sed
478 3916 639 3985 omnibus
654 3919 916 4010 gymnasiorum
931 3921 1041 4006 lestis,
1060 3920 1184 4013 quibus
1199 3941 1277 4008 age-

271 4094 297 4156 1.
317 4097 394 4162 Bul,
408 4097 458 4161 VI,
473 4115 501 4168 p.
516 4095 565 4165 70;
577 4096 613 4162 V,
628 4115 657 4169 p.
673 4095 736 4163 857,
751 4097 815 4164 782,
829 4099 894 4167 777,
914 4101 978 4167 761,
993 4101 1061 4172 56ος
1078 4101 1127 4165 IV,
1143 4119 1171 4172 p.
1189 4098 1234 4163 93,
1248 4103 1277 4152 51

219 4199 251 4254 15
265 4194 752 4263 11155115Ρ515551517Ν51155551,
767 4216 794 4270 p.
813 4196 873 4258 117,

273 4294 310 4349 2.·
322 4293 357 4350 V.
371 4294 553 4357 Mercurium,
570 4291 625 4349 loc.
637 4291 713 4347 laud.
