3142 5066
653 543 835 610 ..19-

211 722 329 789 Romae
357 714 484 783 mimos
510 711 644 805 scripsit
668 720 701 781 et
724 712 794 801 egit
817 735 945 782 nomeu
971 737 1155 806 usurpasse
1182 717 1278 785 visus

100 879 104 884 ·
213 851 296 928 erat,
315 850 353 911 ut
373 839 482 933 quadis
508 848 543 908 at
561 862 632 908 non
653 837 730 930 quis
758 847 850 907 esset
875 841 1082 910 ostenderet.
1113 842 1182 912 Sed
1205 845 1279 934 jam

216 991 275 1059 spe
291 965 463 1036 destitutis
491 964 629 1034 obvenit
646 966 808 1057 jocosum
832 964 924 1034 aliud
949 987 1086 1035 carmen
1101 967 1280 1037 abeodem

214 1090 364 1159 Henrico
389 1087 549 1174 Laberio,
580 1111 671 1158 anno
702 1091 787 1157 1522
814 1112 884 1158 non
906 1091 1035 1159 factum
1059 1089 1198 1182 quidem
1221 1091 1282 1161 sed

217 1213 384 1298 editum¹,
401 1212 450 1282 ita
464 1222 502 1281 ut
523 1213 560 1281 in
573 1213 687 1282 lucem
702 1215 813 1282 faceta
826 1222 1029 1283 caeterorum
1048 1237 1152 1305 opera
1164 1218 1280 1306 profe-

167 1373 171 1382 ·
215 1339 323 1408 renda
342 1336 406 1406 sibi
428 1336 642 1428 provinciam
663 1336 720 1405 hio
738 1336 966 1428 assumpsisse
984 1337 1151 1408 videatur.
1181 1341 1280 1423 Quod

217 1463 391 1571 (guilielmi
407 1461 607 1553 Saviguiani
635 1463 882 1554 epigrammate
901 1465 1121 1535 confirmatur
1135 1488 1142 1535 :

333 1683 352 1744 J
356 1700 411 1743 ure
427 1681 484 1742 tibi
499 1679 654 1756 referunt,
674 1680 802 1755 Laberi,
820 1698 875 1741 sua
889 1680 1023 1756 mistica,
1039 1686 1140 1743 vates.

376 1792 420 1851 Te
437 1792 562 1852 doctum
576 1790 689 1850 merito
705 1794 771 1849 tota
785 1788 891 1867 poesis
906 1795 999 1850 amat.

337 1899 414 1960 Gur?
428 1897 583 1976 quoniam,
600 1898 678 1957 duce
691 1902 735 1973 te,
753 1897 851 1956 sacris
868 1897 1023 1958 cratibus
1036 1915 1117 1957 unus

379 2005 438 2077 Qui
450 2004 542 2066 latuit
556 2004 652 2082 longo
669 2010 822 2084 tempore,
837 2010 978 2094 comptus
993 2005 1092 2064 adest.

338 2114 538 2191 Prosequere
555 2119 647 2191 atque
663 2113 710 2175 tui
724 2111 835 2191 profer
848 2118 1049 2174 monumenta
1059 2111 1198 2187 ,laboris3

376 2220 437 2280 Hic
452 2221 580 2281 astricta
592 2221 651 2281 tibi
666 2225 733 2281 tota
746 2221 853 2298 poesis
869 2220 940 2282 erit.

285 2423 382 2493 Talia
400 2423 442 2493 de
460 2424 607 2494 Laberio
627 2446 730 2516 quem
756 2432 892 2494 tantum
925 2424 1053 2492 scimus
1083 2423 1285 2494 facetiarum

220 2571 292 2617 nou
315 2548 422 2617 semel
441 2548 619 2632 editorem,
644 2571 804 2640 annoque
831 2551 915 2617 1522
939 2549 1151 2618 Turonensis
1171 2549 1283 2618 archi-

131 2691 134 2699 ’
220 2673 373 2765 episcopi
384 2673 544 2742 clientem
555 2683 589 2743 et
599 2673 778 2765 cujusdam
789 2674 832 2741 H.
846 2673 1284 2766 Domestioipraeceptorem

220 2799 358 2869 fuisset
386 2801 433 2871 At
459 2801 500 2870 de
526 2801 702 2871 Ludovico
722 2801 833 2870 Fahro
859 2801 1047 2870 Parisiensi
1076 2809 1110 2870 et
1136 2801 1278 2872 Nicolao

220 2925 446 2996 Ambianensi
465 2937 613 3018 quorum
628 2928 713 2997 alter
732 2927 768 2996 in
783 2927 969 2997 Ravisiana
984 2926 1133 2997 editione
1151 2950 1284 2996 nuncu-

220 3049 395 3140 pationem
428 3050 513 3120 alter
541 3051 584 3120 ad
605 3052 786 3121 Lectorem
809 3051 976 3121 nonnulla
1010 3051 1158 3144 scripsit,
1199 3073 1285 3120 nus-

224 3199 328 3269 quam
346 3178 430 3248 alias
453 3179 666 3249 mentionem
685 3178 814 3248 illatam
837 3177 997 3249 vidimus.
1020 3180 1110 3249 Nam
1128 3178 1216 3248 nihil
1228 3179 1286 3248 hic

221 3322 304 3372 oum
325 3301 467 3373 Nicolao
488 3303 679 3395 Reginaldo
707 3304 982 3397 chronographo,
1009 3303 1186 3374 calvinista
1208 3305 1285 3396 qu'i-

224 3425 304 3496 dem
319 3427 380 3497 sed
393 3435 473 3498 nato
489 3427 598 3519 Aquis
615 3427 752 3498 Sextiis.

289 3551 458 3623 Maecenas
487 3560 605 3622 autem
633 3551 676 3622 ad
705 3574 810 3643 quem
836 3551 922 3621 liber
946 3551 1105 3636 mittitur,
1134 3552 1287 3622 Joannes

276 3836 302 3893 1.
326 3838 463 3896 cflomari
473 3849 550 3913 Βατρ.
563 3857 614 3896 seu
626 3840 735 3895 bellum
747 3856 882 3894 ranarum
896 3841 927 3895 in
939 3840 1223 3914 murasperElisium
1231 3840 1286 3896 Ca-

223 3938 345 3995 lentium
356 3938 447 3994 latino
461 3956 592 3995 sermone
607 3939 725 4004 donata,
740 3946 769 3994 et
783 3941 932 3994 emendata
952 3958 1003 4012 per
1024 3940 1181 3996 chricum
1194 3941 1286 3995 Labe-

224 4033 301 4088 rium
313 4035 542 4093 Nuncurianum.
557 4036 680 4093 Parisiis
693 4037 725 4092 in
736 4037 849 4092 officina
862 4037 981 4092 ioannis
994 4037 1164 4106 Gormontii,
1182 4037 1286 4100 1522.»

223 4131 299 4188 Bibl.
317 4141 377 4189 nat.

276 4232 305 4289 2.
325 4233 393 4292 idid.
411 4234 448 4291 V.
464 4234 627 4309 Epistulam
643 4236 838 4310 «dignissimo
850 4243 878 4292 et
890 4238 1033 4311 imprimis
1045 4236 1288 4294 reverendoPatri

224 4331 259 4386 D.
276 4331 403 4390 Martius
418 4334 453 4391 de
465 4334 558 4392 Belua
570 4337 733 4394 Turonensi
745 4337 970 4413 archiepiscopo.
984 4357 1000 4396 u
