3142 5066
727 511 904 578 ..30-

285 678 463 774 questibus
497 674 706 746 Parlamenti
739 674 776 744 in
813 675 920 745 istum
952 700 1097 762 morem,
1128 680 1343 776 decretisque

281 804 489 886 Academiae,
518 824 594 892 quae
623 801 753 870 fulmen
794 801 943 870 alumnis
990 803 1186 875 minabatur
1223 810 1343 880 tetrico

282 931 394 1013 vultu,
414 928 486 1012 sed,
512 927 602 996 elme
620 935 741 1011 mater,
758 927 906 997 assiduis
925 928 1029 997 minis
1045 941 1205 1002 contente
1232 945 1304 1005 eret
1317 938 1344 1007 ¹.

283 1056 479 1128 Ludcvicus
494 1053 719 1124 duodecimus
739 1075 847 1144 quum
868 1053 1045 1124 Bszccbiae
1065 1058 1232 1145 stulteque
1252 1068 1346 1133 metri

283 1183 425 1266 faveret,
453 1186 570 1270 utpote
612 1177 791 1247 auxiliario
819 1178 983 1247 adversus
1007 1203 1132 1273 papam
1153 1185 1285 1254 iulium
1312 1187 1346 1256 ΙΙ

285 1305 461 1391 exercitui,
491 1304 583 1374 idem
604 1304 730 1374 latinos
755 1312 788 1372 et
812 1303 1034 1394 scholasticos
1059 1309 1172 1378 aureis
1197 1312 1347 1383 stimulis

286 1432 382 1502 auxit
396 1430 558 1522 impetus,
588 1429 680 1521 quod
708 1428 828 1497 Fausti
850 1425 1030 1499 Andrelini
1056 1440 1203 1504 testatur
1231 1460 1348 1507 exem-

286 1560 404 1652 plum3
428 1558 667 1650 credimusque
696 1538 836 1626 Revisio
855 1557 950 1627 haud
969 1580 1068 1628 secus
1102 1579 1142 1630 ec
1165 1562 1347 1654 Gringcric

288 1709 367 1756 eum
392 1708 495 1755 usum
521 1685 641 1754 fuisse.
672 1684 747 1767 Quo
771 1684 867 1775 regio
892 1686 975 1754 flatu
1002 1687 1088 1757 adeo
1115 1690 1349 1761 conviciorum

286 1819 416 1881 tractus
443 1810 587 1880 increvit
614 1818 745 1878 utnon
772 1809 846 1879 sine
875 1810 1049 1882 Francisci
1068 1813 1171 1905 primi
1199 1817 1348 1906 quadem

289 1937 420 2008 saevitie
434 1936 561 2006 [reneri
573 1944 694 2028 postea
707 1935 870 2028 potuerit.

353 2063 551 2133 Praesertim
572 2062 609 2131 in
632 2061 729 2132 festis
752 2063 793 2132 B.
818 2063 969 2148 Martini,
995 2065 1034 2133 B.
1059 2065 1254 2139 Cetherinae
1280 2069 1347 2163 (cui

290 2193 395 2263 altare
410 2191 446 2259 in
459 2190 532 2260 aede
541 2190 573 2260 N
575 2189 726 2259 averrice
741 2198 913 2260 sacratum
928 2192 1012 2284 erat)
1028 2214 1092 2261 nec
1106 2217 1177 2263 nou
1191 2194 1231 2262 Β.
1249 2196 1349 2266 Nice

289 2319 348 2402 lai,
375 2316 434 2408 qui
460 2337 579 2384 omncs
607 2314 729 2384 studiis
749 2337 811 2405 per
831 2323 939 2384 totam
964 2317 1138 2409 Europam
1155 2319 1348 2409 patrocine-

288 2442 426 2524 bantur,
454 2439 602 2529 egebant
626 2438 690 2506 has
719 2439 917 2523 comoedias,
947 2439 1019 2510 sive
1047 2441 1218 2533 religiosae
1238 2444 1349 2516 ferent

289 2566 361 2636 sive
377 2563 533 2634 satiricae.
550 2563 628 2632 Jsm
648 2563 689 2630 B.
709 2562 876 2633 Ludcvici
891 2563 964 2633 dies
983 2575 1206 2652 memoratus,
1223 2568 1348 2638 talibus

289 2691 379 2762 ludis
411 2689 561 2781 inclytus
590 2688 627 2757 in
651 2688 826 2758 Navarra:
861 2690 1072 2782 adjiciendus
1106 2715 1242 2785 quoque
1276 2695 1349 2764 sine

289 2816 394 2888 dubio
422 2815 463 2884 B.
492 2814 665 2883 Guillelmi
685 2815 769 2900 dics,
799 2815 927 2886 scilicet
955 2818 1093 2888 Gellicae
1118 2821 1267 2890 nationis
1288 2845 1349 2913 pe-

289 2942 392 3027 troni,
410 2942 509 3032 cujus
532 2967 548 3004 n
565 2940 733 3016 solemnia
747 2969 762 3004 u
781 2941 817 3008 in
832 2942 954 3012 eodem
971 2944 1116 3036 collegio
1131 2968 1202 3014 non
1217 2947 1350 3017 minore

289 3067 580 3161 amplissimorum
594 3066 748 3136 virerum
769 3091 940 3138 concursu
961 3071 1253 3140 celebrabantur&
1276 3075 1348 3144 Nec

290 3220 362 3266 non
392 3169 428 3263 in
461 3194 621 3263 eumdem
645 3215 748 3262 usum
781 3196 887 3286 (quod
919 3196 1019 3265 facile
1048 3197 1171 3289 conjici
1203 3201 1349 3292 poteret)

290 3321 445 3415 usurpati
464 3319 686 3405 «nationum,
703 3321 968 3413 provinciarum,
981 3322 1175 3392 diccoeseon
1187 3346 1225 3392 sc
1236 3327 1349 3417 cujus

288 3450 341 3521 vis
366 3446 502 3538 collegii
529 3446 608 3515 festi
637 3446 743 3516 dies³.
773 3475 790 3511 »
823 3449 891 3518 Sed
919 3449 1008 3517 inter
1038 3449 1153 3518 omnis
1178 3451 1349 3520 eminebat

293 3602 310 3639 κ
326 3574 479 3642 solemne
495 3573 645 3662 Regum3
665 3599 681 3635 »
703 3579 853 3662 tuncque
876 3573 991 3656 luxus,
1008 3572 1187 3654 festivitas,
1209 3573 1348 3643 dicteria

288 3695 430 3768 tentavi
444 3695 550 3765 moris
566 3695 740 3765 scatebant
759 3704 792 3765 et
812 3697 1036 3788 erumpebant
1049 3705 1087 3765 ut
1104 3720 1211 3789 quum
1227 3707 1349 3768 caetere

291 3826 379 3894 feste
402 3844 474 3893 non
501 3822 608 3892 semel
635 3822 841 3893 abolevisset
869 3823 1067 3908 Academia,
1097 3846 1235 3930 semper⁴
1256 3834 1351 3894 extre

341 4117 369 4174 1.
389 4114 598 4188 Bu1.,passim.

339 4215 366 4272 2.
389 4215 491 4278 Lanu„
506 4214 622 4286 passim.

257 4305 260 4316 ’
342 4315 369 4370 3.
390 4315 469 4379 Eut,
484 4315 519 4378 V,
534 4332 562 4386 p.
578 4312 640 4367 782.
