3142 5066
719 1231 865 1305 CAPUT
887 1233 921 1307 V

446 1534 486 1581 ult
509 1531 665 1582 COMOEDIIS
688 1531 907 1580 camaranum
929 1532 1004 1580 POST
1025 1531 1191 1578 'OEXTOREM

352 1867 488 1940 Mortuo
502 1869 661 1954 Textore,
677 1866 804 1940 nostris
822 1869 988 1960 paulatim
1011 1867 1188 1938 comoediis
1207 1868 1348 1957 elegan-

286 1994 370 2064 tiam
394 1993 455 2063 sed
481 1993 624 2063 minime
649 1993 855 2064 modestiam
877 2002 1049 2064 renovatae
1071 1992 1275 2063 addiderunt
1294 1989 1348 2057 lit-

284 2127 377 2204 terae,
397 2115 446 2187 ita
469 2125 507 2186 ut
530 2140 624 2187 nunc
648 2117 685 2185 in
708 2117 851 2201 aulicos,
874 2117 1021 2186 nuncin
1045 2116 1182 2208 regium
1205 2111 1347 2202 sangui-

283 2265 364 2313 nem
378 2242 634 2326 inveherentur,
651 2240 813 2311 saeviente
827 2241 1002 2311 interdum
1018 2263 1114 2331 rege,
1126 2237 1346 2309 savientibus

281 2366 485 2462 praesertim,
502 2389 611 2460 quum
624 2364 759 2450 licebat,
778 2365 910 2435 aulicis.
928 2365 1040 2450 Quod,
1060 2365 1150 2434 inter
1164 2365 1232 2434 alia
1245 2372 1347 2433 testa-

282 2501 351 2577 tur,
368 2513 460 2563 anno
482 2495 566 2561 1533
590 2491 845 2583 manuscriptus
866 2491 1025 2582 dialogus
1040 2493 1114 2583 jam
1133 2512 1237 2582 supra
1251 2511 1345 2558 com-

282 2626 506 2701 memoratus,
524 2619 622 2709 cujus
642 2617 793 2687 incertus
820 2627 939 2688 auctor
956 2640 993 2686 sa
1008 2617 1049 2687 de
1074 2616 1225 2708 tragicis,
1243 2614 1345 2684 idest

282 2739 324 2812 de
340 2739 487 2833 publicis
510 2739 614 2810 rebus
633 2740 720 2811 nihil
737 2739 909 2811 dicturum
925 2742 1115 2849 profitetur,
1135 2736 1346 2830 prohibenti-

280 2863 347 2936 bus
362 2861 456 2933 enim
470 2861 602 2934 aulicis.

579 3061 671 3128 Seria
683 3081 804 3142 quaeres

396 3170 446 3232 Ab
460 3169 522 3232 alio
537 3188 545 3233 ε
563 3171 677 3250 quippe
692 3172 752 3232 hoc
766 3170 867 3233 aulica
881 3173 973 3233 turba
987 3177 1116 3255 vatata,

397 3272 499 3351 Regia
515 3290 565 3334 me
579 3277 719 3349 terreut3
736 3291 825 3336 musa
835 3274 946 3353 jocosa
956 3272 1093 3354 placet¹.

311 3504 317 3516 ¹
332 3485 358 3542 1.
377 3485 533 3560 Dialogus«
546 3486 690 3562 sophistici
700 3495 725 3546 et
735 3489 916 3562 Logodoedult'.
926 3509 941 3544 a
952 3492 1162 3561 Argumentum
1171 3489 1234 3559 (Ma.
1248 3486 1338 3557 8439).

312 3585 483 3640 ¹Auctorem
507 3585 599 3658 regiis
618 3591 652 3642 ut
664 3587 708 3642 ait
728 3589 863 3644 territum
878 3605 936 3644 non
958 3589 1113 3645 miraberis
1133 3589 1159 3643 si
1173 3588 1341 3643 memineris

276 3681 331 3738 hoc
346 3699 423 3739 auno
432 3679 508 3740 ,1533
521 3683 604 3739 ludos
616 3684 648 3738 in
662 3685 797 3742 Navarra
815 3688 948 3757 reginam
963 3689 1132 3743 notissimos
1145 3693 1224 3742 actos
1237 3686 1339 3749 fuisse,

276 3779 312 3836 da
326 3781 432 3853 quibus
441 3778 588 3836 sturmius
599 3799 607 3837 :
619 3801 632 3835 c
646 3783 783 3855 Nupariu
792 3785 942 3858 gymnasio
950 3773 975 3840 N
978 3785 1108 3840 avarrico
1121 3801 1212 3840 novus
1224 3784 1341 3856 quidam

273 3883 302 3934 et
314 3883 529 3950 macropatacus
547 3884 632 3951 poeta
655 3881 787 3951 reginam
811 3882 975 3938 introduxit
986 3900 1048 3955 quae
1062 3900 1094 3938 se
1110 3883 1142 3938 in
1155 3882 1340 3955 disciplinam

271 3975 382 4032 diaboli
398 3975 527 4030 traderet
537 3993 595 4031 uua
610 3994 674 4033 cum
689 3980 822 4036 sacrifico
833 3997 918 4052 quam
927 3981 1074 4052 Megaram
1085 3981 1258 4055 appellabat,
1270 3982 1339 4036 allu-

271 4074 342 4131 dens
355 4073 389 4129 ad
405 4089 509 4130 nomeu
519 4073 559 4130 M.
575 4074 707 4134 Garardi.
723 4078 789 4133 Acti
801 4078 863 4133 ludi
875 4080 1140 4145 ammirabiliter,
1157 4079 1336 4152 applaudan-

270 4174 350 4231 tibus
370 4171 525 4244 theologis.
540 4171 687 4230 Proximis
707 4175 809 4252 diebus
830 4182 922 4231 totam
942 4178 1072 4233 fabulam
1091 4178 1127 4233 ad
1142 4186 1170 4233 te
1182 4179 1337 4236 mittam.»

267 4270 401 4343 (sturmii
413 4270 535 4344 epistola
546 4271 623 4346 apud
641 4272 756 4332 Strobel
767 4277 797 4332 in
812 4274 937 4334 historia
951 4277 1175 4351 Argentoranais
1189 4281 1341 4354 gymnasi,
