3142 5066
680 531 858 600 ...77-

237 684 350 758 cinctu
369 696 441 758 erat
459 697 557 760 :tum
577 711 654 758 ecce
678 690 738 759 tibi
761 699 962 782 procurator
974 688 1091 779 regins
1116 689 1174 782 qni
1189 691 1232 760 ad
1261 713 1297 759 se

234 824 333 883 vocat
348 815 495 884 istorum
518 816 744 906 collegiorum
767 817 1048 908 gymnasiarchas
1065 839 1193 906 eosque
1217 839 1297 906 gra-

236 937 326 1007 viter
340 939 534 1032 increpat...
552 941 643 1010 irent
662 941 779 1032 itaque
793 951 826 1010 et
842 963 905 1010 sua
923 941 982 1010 illa
998 939 1179 1032 proscenia
1193 947 1296 1028 atque

233 1061 366 1133 theatra
395 1068 469 1157 jam
505 1065 673 1136 instructa
707 1065 966 1142 demolirentur.
1014 1066 1208 1135 Paruarunt
1245 1062 1294 1132 illi

231 1188 367 1256 tametsi
399 1188 510 1259 inviti.
540 1191 612 1260 Nos
637 1190 850 1281 procuratori
877 1189 988 1279 regio,
1014 1189 1079 1258 etsi
1115 1189 1200 1257 alias
1229 1188 1294 1256 fre-

233 1323 378 1402 quenter
404 1337 524 1384 sumus
544 1316 662 1400 locuti,
687 1317 718 1385 ei
741 1317 783 1386 de
815 1317 883 1385 hoo
906 1315 1047 1406 negotio
1079 1337 1124 1382 ne
1148 1313 1293 1394 verbum

230 1436 368 1528 quidem
382 1439 526 1510 lecimus
554 1465 708 1533 unquam
726 1464 790 1510 nec
805 1464 941 1511 eramus
956 1440 1060 1510 etiam
1074 1438 1229 1508 facturi¹.
1249 1467 1265 1500 n

297 1565 353 1634 Sic
375 1567 492 1638 omnia
516 1590 592 1658 quae
614 1567 848 1637 Parisienscm
869 1566 1092 1636 Academiam
1106 1564 1292 1634 movebant

227 1687 370 1778 pulpitis
403 1689 602 1775 dabantur²,
629 1690 678 1760 ita
711 1699 750 1760 ut
774 1691 906 1761 alendis
929 1699 1150 1782 suppeterent
1173 1711 1310 1774 annua,

228 1811 405 1881 comoediis
424 1837 432 1883 :
449 1813 510 1883 sed
530 1814 642 1904 magis
662 1836 701 1884 ac
724 1815 836 1904 magis
855 1815 1069 1906 publicarum
1081 1835 1198 1882 rerum
1213 1835 1290 1882 oen-

228 1957 309 2003 sura
335 1935 371 2004 in
387 1938 577 2028 gymnasiis
602 1940 761 2022 coercita,
788 1939 931 2023 facetia,
961 1937 1159 2008 domesticis
1182 1959 1287 2026 argu-

224 2060 350 2131 mentis
377 2071 546 2132 contentae
563 2063 599 2131 in
622 2064 713 2133 diem
734 2063 949 2133 obscuriores
975 2064 1071 2132 factae
1086 2071 1177 2131 sunt.
1200 2062 1288 2130 Tan-

225 2185 314 2269 dem,
331 2196 369 2256 ut
393 2190 532 2259 Bulaeus
545 2191 605 2275 ait,
626 2219 642 2256 κ
658 2191 826 2261 eaomnia
840 2191 975 2260 sublata
994 2199 1075 2258 sunt
1089 2212 1180 2258 anno
1198 2189 1282 2256 1598

222 2311 343 2380 ultima
357 2315 603 2384 reformatione
616 2317 804 2386 Facultatis
816 2316 954 2385 Artium
968 2315 1047 2407 (art.
1064 2315 1133 2406 35),
1151 2313 1285 2405 injunc-

221 2444 363 2528 tumque
392 2441 618 2530 collegiorum
647 2443 818 2533 praefectis
841 2454 880 2511 ut
913 2451 1073 2512 caverent
1098 2464 1141 2509 ne
1168 2439 1281 2509 satirae

220 2563 361 2631 autulii
386 2565 458 2634 ludi
484 2566 582 2635 latini
604 2567 761 2657 gallicive
791 2569 1035 2637 exhiberentur
1063 2565 1188 2658 quibus
1216 2564 1282 2631 las-

221 2685 319 2769 civia,
335 2689 537 2778 petulantia,
555 2691 744 2782 procacitas
768 2692 946 2776 excitetur,
968 2701 1028 2761 aut
1049 2688 1277 2770 contumeliae,

135 2902 138 2908 ἱ
217 2810 371 2880 convicia
385 2823 444 2881 aut
463 2815 690 2885 maledictam
705 2839 913 2908 quemquam
928 2816 1105 2908 publicum
1123 2813 1279 2884 ordinem

216 2934 455 3006 contineantur
465 2937 491 3007 ³.
507 2967 524 3002 »

282 3059 382 3140 Quod
405 3061 448 3130 ad
470 3061 641 3153 reliquam
660 3065 834 3155 Europam
849 3065 981 3150 attinet,
1004 3039 1116 3133 satira
1130 3085 1276 3155 praescr-

214 3183 276 3253 tim
304 3183 501 3277 inAnglia,
529 3190 714 3260 Germania
729 3199 831 3282 atque
856 3191 1018 3261 Flandria
1039 3188 1273 3260 inveniuntur.
1333 3224 1336 3229 ·

213 3308 376 3400 Hispanis
405 3312 536 3381 comica
561 3315 716 3404 quaedam
745 3316 820 3384 sino
844 3317 1013 3399 aculeo,e
1045 3312 1150 3381 sacris
1172 3313 1276 3410 duola

212 3435 377 3522 historiis,
399 3439 576 3533 mixtaque
605 3443 712 3512 latino
742 3467 879 3513 necnon
905 3441 1090 3511 vernaculo
1115 3459 1273 3507 sermone

210 3560 379 3650 placuisse
393 3565 583 3635 videncet
599 3567 703 3658 Apud
717 3568 821 3637 Italos
836 3567 923 3636 nihil
937 3565 1104 3636 memoria
1128 3563 1273 3655 dignum
1351 3583 1361 3606 ·

211 3685 310 3754 nobis
331 3688 489 3758 occurrit.

263 3898 287 3954 l.
308 3868 422 3956 duleus
436 3919 474 3966 vr,
485 3921 512 3974 p.
525 3841 657 3960 auo-deo.

258 3996 286 4050 2.
306 3999 341 4052 V.
360 3997 534 4056 Comoediam
548 4001 722 4075 descriptam
744 4003 819 4076 apud
834 4003 935 4070 Quich.
952 4003 1025 4062 Hoc
1037 4003 1068 4060 dc
1079 4001 1271 4060 Salute-Burbu

206 4122 241 4138 -
260 4095 295 4151 V.
309 4097 340 4150 in
351 4097 405 4151 Ms.
422 4095 494 4152 8439
509 4098 729 4172 Lipocordalum‚
745 4110 798 4157 etc.

259 4192 285 4246 3.
306 4193 384 4258 Bul..
397 4193 578 4261 dePatroar's,
592 4203 660 4263 etc..
675 4218 702 4272 p.
718 4198 848 4255 122-123.

258 4288 285 4350 4.
306 4292 341 4349 V.
357 4291 486 4373 Gayangi
495 4293 666 4373 catalogum
681 4298 757 4374 apud
771 4297 908 4362 Tioknor.
