3142 5066
748 499 925 565 ...82-

303 657 427 744 mines,
449 658 574 729 harum
601 660 738 750 farrago
765 658 883 742 libelli,
906 685 922 724 a
953 663 1093 724 curante
1113 652 1169 745 pio
1185 648 1316 743 jesuita
1343 669 1362 715 e

303 785 432 854 nostris
452 786 629 857 comoediis
645 786 882 878 expelleretur.

368 911 478 981 Abeo
497 911 660 1003 primum,
683 921 721 980 ut
742 913 815 1003 ipse
832 911 891 995 ait,
913 908 1114 980 christianas
1138 915 1220 973 tuno
1234 911 1363 990 tragoe-

303 1033 376 1103 dias
386 1035 596 1126 excogitatas
607 1035 714 1104 fuisse
729 1036 846 1104 nescio
856 1058 899 1105 an
910 1057 982 1105 non
994 1053 1114 1104 omnes
1127 1027 1358 1101 consentiant:

301 1157 387 1227 mihi
403 1168 519 1227 tamen
538 1159 769 1229 intentissima
794 1159 980 1251 cupiditate
1000 1180 1073 1227 rem
1094 1150 1310 1245 conquirenti
1327 1157 1361 1218 et

300 1282 483 1352 insectanti
508 1286 613 1356 nullae
636 1286 721 1355 tales
746 1295 826 1356 ante
850 1287 948 1356 illum
975 1309 1018 1356 ex
1044 1282 1218 1354 renovatis
1237 1276 1361 1348 litteris

303 1421 545 1501 apparuerunt.
582 1415 671 1484 Nam
709 1414 750 1484 de
783 1417 942 1500 llystera'r's
969 1412 1060 1483 nihil
1092 1410 1206 1500 agitur
1235 1407 1361 1498 quippe

302 1544 384 1604 tunc
410 1559 431 1606 a
459 1538 567 1607 doctis
596 1539 795 1611 hominihus
820 1537 1064 1630 contemptis¹.
1092 1537 1155 1605 Hae
1185 1531 1361 1623 tragoediae

301 1659 433 1730 aclibus
458 1685 497 1732 ao
518 1665 631 1734 scenis
658 1664 908 1749 dividebantur,
926 1661 1082 1732 iambicis
1096 1656 1261 1728 trimetris
1277 1654 1362 1724 scri-

299 1785 481 1874 bebantur,
498 1791 541 1859 ad
566 1790 795 1860 imitationem
813 1790 1035 1882 antiquorum
1056 1788 1249 1857 dramatum
1264 1781 1362 1874 (citra

547 1990 618 2041 Bene
631 1991 744 2042 colloces
755 1992 843 2052 horas,
859 1991 951 2041 adesto
962 1986 1078 2053 tempori

548 2080 582 2131 ut
596 2081 697 2132 arbiter
709 2087 808 2132 nostrae
821 2081 953 2146 benignus
967 2077 1101 2144 opellulaa‚

545 2172 578 2222 Et
590 2173 718 2224 candidus
730 2178 863 2236 spectator
875 2170 1042 2224 ratiunculae.

296 2315 430 2381 Quaedam
443 2315 477 2370 de
492 2317 658 2390 praefatione
677 2320 864 2391 excerpenda.

351 2437 364 2470 ι
386 2418 534 2473 Lectorem
549 2419 746 2474 admonuerim
760 2425 791 2472 ut
807 2418 929 2473 subinde
941 2417 1059 2474 titulum
1074 2417 1162 2486 legat,
1177 2413 1358 2470 meminerit-

298 2532 446 2586 quaeum,
476 2535 534 2572 non
560 2519 728 2574 comoediam
750 2524 861 2573 tantum
883 2518 933 2573 sed
957 2535 1020 2574 eam
1044 2532 1155 2571 sacram
1178 2515 1355 2587 promittere.

296 2612 383 2668 Volui
398 2615 529 2685 equidem
542 2633 627 2671 anser
639 2623 767 2689 strepere
785 2617 862 2672 inter
876 2618 981 2680 olores,
998 2622 1030 2671 ut
1041 2615 1160 2671 audacia
1173 2631 1238 2668 mea
1250 2612 1360 2667 doctio-

296 2729 360 2766 rum
374 2714 527 2782 segnitiem
541 2716 767 2781 exstimularem,
779 2716 941 2788 cujusmodi
955 2716 1032 2770 haud
1043 2715 1103 2770 seio
1118 2732 1154 2769 an
1168 2730 1295 2785 unquam
1308 2729 1357 2766 co-

295 2811 414 2882 piosior,
432 2830 517 2884 quam
536 2813 591 2869 hoc
604 2832 665 2869 ravo
680 2815 768 2869 fuerit
782 2822 939 2887 proventus
958 2832 966 2868 :
984 2831 1074 2886 quara
1085 2830 1159 2886 saepe
1173 2828 1284 2867 mecum
1299 2816 1360 2864 sto-

295 2910 425 2966 machari
443 2910 531 2975 soleo,
553 2919 612 2967 tam
625 2915 780 2968 salutarem
796 2930 912 2984 operam
925 2912 967 2967 sic
980 2915 1078 2983 jacere
1097 2911 1269 2984 neglectam.
1286 2909 1359 2963 Sunt

294 3010 325 3062 in
338 3010 500 3082 propinquo
515 3010 563 3066 hic
577 3011 729 3066 Cornelius
743 3011 903 3083 Graphens,
919 3018 985 3074 etc..
1001 3016 1068 3074 etc..
1083 3027 1155 3082 quos
1170 3025 1268 3064 omnes
1282 3005 1359 3078 equi·

295 3107 359 3162 dem
373 3109 405 3162 in
416 3107 469 3164 hoe
482 3110 609 3172 nomino,
625 3115 657 3163 ut
672 3110 784 3182 publice
804 3109 962 3182 provocati,
980 3108 1080 3164 adesse
1100 3114 1159 3162 tam
1177 3107 1225 3180 pio
1239 3104 1356 3176 negotio

294 3223 330 3259 ne
341 3215 529 3277 graventur...
557 3209 654 3279 Neque
678 3226 745 3264 vero
772 3227 876 3264 novum
900 3208 966 3279 quis
979 3213 1060 3280 putet
1074 3222 1136 3260 esse
1152 3204 1226 3276 quod
1242 3220 1355 3267 moneo,

293 3305 444 3376 antiquum
458 3306 513 3360 fnit
527 3304 752 3361 christianorum
764 3307 891 3361 studium
906 3323 990 3361 sacra
1002 3304 1154 3377 poematiis
1169 3302 1353 3357 celebrare.»

292 3403 347 3458 Hic
356 3402 496 3475 Gregorio
510 3406 689 3460 Nazianseno
704 3406 829 3477 aliisque
844 3404 1075 3460 commemoratis
1095 3402 1175 3456 addit
1191 3419 1199 3455 τ
1214 3420 1226 3452 ι
1243 3399 1354 3455 Comoe·

291 3501 355 3555 dias
365 3503 434 3558 itam
448 3510 476 3556 et
486 3504 652 3574 tragoedias,
663 3503 864 3572 Menandrum,
877 3503 1045 3577 Euripidem
1059 3505 1200 3568 imitatus,
1213 3522 1247 3558 ex
1258 3502 1357 3556 divina

291 3601 436 3674 scriptura
451 3602 572 3672 sumptis
586 3604 777 3672 argumentis,
791 3603 954 3676 Stephanus
967 3604 1054 3658 etiam
1069 3603 1186 3675 quidam
1201 3603 1235 3657 de
1247 3600 1356 3674 Christi

291 3698 421 3754 cruciatu
440 3699 614 3770 tragoediam
624 3701 764 3756 cecinisse
779 3709 964 3756 memoratur.
980 3721 994 3755 u

346 3795 371 3851 1.
391 3797 527 3869 Myrtario
541 3799 672 3854 imitatus
687 3807 731 3855 est
750 3807 816 3855 ante
836 3818 943 3856 annum
964 3797 1033 3856 1531
1055 3801 1280 3873 Barptolaemeus
1299 3799 1355 3855 Lo·

291 3894 417 3950 chiensis
429 3895 631 3952 benedictinus
647 3897 756 3954 Christo
771 3898 901 3969 Xylonico
916 3916 999 3970 quem
1011 3917 1068 3953 non
1079 3899 1221 3968 agendum
1233 3897 1282 3952 sed
1296 3903 1356 3951 tan·

289 3993 436 4047 tummodo
452 3992 605 4063 legendum
620 3996 733 4051 dedisse
753 3996 825 4050 mihi
847 3996 971 4052 videtur.
988 3997 1091 4052 Nullus
1110 3997 1187 4051 enim
1201 3995 1356 4066 Prologus.

289 4089 405 4145 Primus
421 4098 502 4146 actus
517 4099 630 4147 constat
643 4096 783 4149 immenso
799 4093 908 4149 Christi
930 4095 1084 4166 soliloquio
1108 4112 1160 4167 per
1183 4101 1242 4148 tras
1263 4099 1291 4148 et
1311 4094 1356 4148 vi-

290 4187 365 4260 ginti
377 4189 499 4260 paginas
514 4197 692 4262 exporrecto,
707 4199 773 4263 etc,
798 4198 851 4248 etc.
876 4194 949 4258 (Nic.
966 4193 1063 4266 Barpt.
1083 4191 1168 4248 Loch.
1195 4191 1262 4247 Chr.
1283 4191 1350 4268 Xyl,

288 4288 423 4357 Parisiis,
434 4307 470 4347 ex
484 4288 598 4350 officina
610 4288 736 4351 Simonis
749 4290 878 4358 Colinaei,
889 4287 982 4364 1531.)
