3142 5066
673 499 852 566 ...43-

228 655 380 726 damnati
398 679 405 725 :
422 663 575 746 apparet,
607 678 686 726 cum
714 656 869 727 daemone
898 657 1044 748 angelus
1060 658 1100 728 de
1115 660 1294 730 morientis

229 781 345 850 anima
360 779 572 858 contendens
584 779 608 848 ¹.
627 780 718 863 Quid
735 781 776 850 de
797 781 1012 851 daemonibus
1032 782 1142 852 dicam
1155 784 1293 855 damna-

228 913 344 975 torum
372 905 470 974 elixis
497 905 657 974 carnibus
684 905 916 990 vescentibus,
960 928 1027 996 quo
1062 907 1138 976 loco
1168 909 1291 980 terrori

229 1030 362 1100 facetiis
385 1039 607 1123 temperatur.
639 1031 745 1116 Talia,
773 1053 880 1123 quum
903 1030 945 1100 ab
970 1031 1131 1101 omnibus
1154 1043 1294 1126 accepta

228 1165 461 1227 monstrarent
481 1180 546 1226 nec
571 1181 644 1227 non
659 1157 843 1246 magnifico
858 1164 1023 1249 apparatu
1035 1156 1292 1246 inducerentur,

230 1291 438 1374 spectatores
449 1283 544 1353 haud
559 1284 660 1354 dubie
674 1284 868 1354 movebant.

294 1408 344 1476 De
371 1407 495 1498 quibus
519 1407 730 1478 dramatibus
768 1416 915 1499 quatuor
951 1408 1118 1499 elegimus
1141 1409 1290 1481 breviter

228 1533 457 1626 inspicienda;
476 1533 558 1625 quid
570 1533 620 1614 {sit
631 1533 668 1602 iu
682 1534 881 1605 inventione
898 1535 1035 1605 Textori
1054 1536 1288 1625 tribuendum,

229 1661 311 1753 quid
331 1684 352 1730 a
371 1659 479 1731 Gallis
499 1668 708 1746 mutuatum,
731 1660 813 1753 quid
828 1684 908 1731 oum
918 1661 1057 1732 Gallicis
1070 1662 1192 1732 litteris
1211 1689 1294 1736 con-

227 1784 343 1855 oinnet
359 1785 469 1855 obiter
484 1785 621 1856 dicturi.

293 2054 322 2122 1.
341 2043 436 2122 Tarra
451 2064 480 2122 et
499 2055 597 2123 Homo
615 2054 652 2144 (f.
674 2056 716 2146 l).
730 2093 776 2108 -
802 2054 867 2123 Hic
887 2054 1057 2146 dialogus,
1084 2079 1188 2147 quem
1209 2081 1289 2148 per-

226 2179 323 2249 hibet
335 2182 395 2248 Plt.
411 2181 534 2250 Closter
556 2190 652 2250 sexto
668 2181 723 2251 die
741 2181 872 2251 mensis
888 2181 1037 2252 octobris
1066 2184 1151 2252 1510
1166 2183 1203 2251 in
1216 2185 1287 2254 Na-

226 2327 325 2376 varra
347 2329 474 2398 magno
501 2307 716 2378 audientium
741 2307 866 2399 plausu
895 2317 1021 2394 actum,
1051 2331 1122 2379 non
1150 2311 1287 2401 proprie

225 2431 341 2500 fabula
367 2433 428 2503 sed
455 2433 604 2523 quadam
628 2433 830 2501 umbrarum
852 2455 979 2525 pompa
1004 2440 1149 2502 constat.
1184 2435 1290 2503 Terra

223 2554 320 2646 luget
335 2556 427 2646 quod
453 2555 569 2625 omnia
589 2580 665 2649 quae
684 2557 772 2650 parit
785 2557 940 2626 vicissim
965 2566 1107 2650 pereant
1130 2559 1288 2649 ejusque,

222 2680 301 2748 licet
319 2679 587 2765 verbosiorihus,
604 2679 753 2772 querelis
779 2704 838 2750 cor
864 2681 1011 2772 legentis
1035 2681 1201 2771 tangitur.
1220 2682 1289 2751 Ge-

223 2814 376 2875 mentem
388 2806 576 2898 alloquitur
599 2805 737 2876 AEtas².

277 3094 303 3150 1.
324 3095 429 3167 Angeli
443 3094 636 3167 daemonioque
656 3101 799 3151 certamen
815 3094 850 3151 de
868 3094 1020 3152 morientis
1040 3093 1168 3152 hominis
1189 3096 1287 3154 anima

224 3214 298 3269 saepe
312 3195 343 3249 in
366 3195 506 3268 Myrteriis
527 3195 653 3250 occurrit
663 3194 746 3261 (Vide
760 3214 773 3248 a
786 3194 915 3252 t’Homme
928 3195 1070 3267 11111611»
1089 3200 1117 3250 et
1136 3215 1150 3248 a
1166 3195 1194 3251 tu
1207 3195 1288 3253 Com·

223 3294 326 3368 pluinte
340 3295 371 3349 de
387 3293 463 3349 l'dma
477 3292 586 3350 domata
600 3311 614 3346 t
628 3298 663 3361 (s.
679 3292 698 3348 1.
717 3298 745 3348 et
760 3299 798 3362 a.)
809 3293 825 3346 J
828 3311 878 3348 ure
890 3311 959 3366 ergo
971 3295 1073 3349 tritum
1084 3299 1284 3365 argumentum

224 3394 382 3466 usurpabat
395 3392 541 3448 Rarisius.

275 3491 302 3546 2.
323 3491 374 3548 Pb.
395 3489 503 3547 Clostra
517 3489 645 3546 AEtatem
659 3489 866 3562 interpretatur
886 3488 1024 3562 l'Epoque.
1039 3508 1052 3541 r
1069 3489 1125 3554 Qui
1137 3495 1227 3552 es-tu,
1244 3489 1286 3545 lui

223 3590 362 3647 demanda
373 3590 403 3644 la
416 3589 514 3660 Terre,
532 3595 654 3644 avectos
669 3589 755 3645 bouts
768 3588 803 3644 de
817 3605 883 3644 vers
903 3593 933 3642 et
949 3593 993 3642 tes
1014 3587 1150 3642 citatione
1166 3588 1199 3640 de
1213 3588 1286 3646 latin

223 3689 296 3746 etde
311 3687 398 3761 greci
411 3717 446 3732 ·-
457 3687 490 3742 Je
503 3689 565 3744 suis
579 3687 725 3761 l'Epoque.
742 3715 776 3729 -·
788 3686 916 3769 Coquine
931 3685 1016 3752 (falsa
1026 3686 1175 3748 meretrix,
1185 3687 1286 3758 virago

223 3789 394 3863 impudens),
410 3788 433 3842 il
443 3793 471 3842 te
486 3788 547 3844 sied
558 3788 626 3843 bien
639 3787 673 3842 de
688 3803 866 3850 sermonner,
882 3785 924 3840 toi
937 3785 1028 3858 quies
1039 3784 1160 3840 souillee
1172 3784 1207 3838 de
1220 3790 1287 3840 tous

223 3889 265 3944 les
274 3888 388 3962 peches.
403 3917 438 3931 -
449 3887 587 3944 Adressez
604 3906 654 3944 vos
670 3887 781 3960 injures
793 3891 811 3942 t
825 3891 904 3941 votre
918 3884 977 3950 fils,
989 3884 1017 3939 le
1032 3884 1169 3956 seigneur
1182 3884 1284 3947 Homo,

223 3988 352 4044 maauaie
370 3990 455 4058 sajet,
479 3988 528 4059 qui
547 4005 583 4043 ne
605 3988 695 4043 valait
712 4004 765 4060 pas
778 3987 876 4042 mieux
892 4003 960 4042 sous
978 3985 1007 4041 le
1018 3989 1106 4054 regne
1120 3984 1170 4040 des
1188 3990 1285 4040 autres

223 4086 355 4160 Epoques
370 4087 417 4152 (tea
431 4085 536 4142 Gloires
548 4086 683 4156 perduct.)
700 4105 714 4139 a
731 4115 765 4128 -
780 4085 829 4142 Nil
840 4084 898 4140 tale
916 4085 949 4140 in
973 4083 1108 4139 omnibus
1122 4080 1286 4168 aditionibus

224 4186 452 4257 quassavimus,
472 4191 501 4240 et
514 4185 545 4238 in
556 4185 660 4257 quibus
671 4183 755 4239 AEtas
771 4189 873 4256 tempus
887 4188 946 4252 est;
964 4188 1106 4256 quatenus
1130 4182 1179 4238 hio
1198 4181 1284 4256 genio

225 4284 379 4340 indulserit
393 4286 574 4358 perurbanus
585 4285 630 4339 vir
642 4283 692 4342 Pb.
709 4283 816 4342 Gdasles
828 4283 936 4341 nescio.
