3142 5066
714 472 892 540 ..32-

201 673 204 678 ·
266 648 395 718 relictis
413 645 536 738 pannis
557 644 683 714 sericas
710 667 750 713 ac
772 667 961 737 purpureas
987 658 1101 719 vestes
1127 652 1328 743 induebant,

266 797 393 866 magno
408 781 556 865 paratas.
583 770 716 854 Quibus
736 771 929 862 sumptibus
947 774 1041 845 haud
1065 780 1173 848 semel
1196 782 1332 852 obviarn

269 901 435 970 eundumv
459 898 535 983 fuit,
581 914 664 967 nam¹
709 897 786 967 libri
829 878 1015 992 omniaque
1052 926 1073 973 a
1118 907 1330 980 scholasticis

265 1025 563 1094 venumdabantur
589 1032 628 1092 ut
659 1031 879 1115 praestaretur
904 1027 996 1117 quod
1013 1027 1178 1120 impensae
1199 1033 1328 1104 factum

268 1159 352 1220 erat.
374 1154 506 1242 Itaque,
531 1173 622 1220 anno
648 1152 733 1218 llas
759 1158 951 1220 «statuto»
981 1152 1168 1226 Facultatis
1190 1158 1328 1228 Artium

271 1304 287 1340 «
302 1276 527 1368 prohibentur
540 1275 682 1366 omnino
698 1284 812 1345 vestes
828 1285 862 1344 ct
879 1277 1081 1348 indumenta
1099 1303 1325 1376 quaecumque

267 1402 309 1471 de
338 1403 487 1488 Livreta,
519 1403 590 1471 sive
627 1401 735 1472 serico
768 1401 840 1472 sive
871 1402 912 1472 de
944 1425 1071 1496 panno,
1112 1429 1328 1502 quacumque

269 1528 448 1598 occasione
474 1527 674 1620 composita,
704 1526 775 1597 sive
804 1528 846 1597 ad
876 1530 1045 1598 honorem
1071 1539 1105 1599 et
1132 1533 1330 1604 comitivam

266 1655 386 1744 Regis,
404 1655 476 1724 sive
491 1655 534 1724 ἃᾶ
547 1655 668 1725 ludum
682 1654 883 1724 facetiarum
898 1664 932 1724 et
944 1654 1130 1743 fatuorum,
1145 1667 1203 1728 aut
1225 1661 1328 1730 etiam

268 1804 493 1874 quacumque
506 1782 656 1874 pretiosa
670 1781 883 1878 indumenta,
895 1782 1107 1872 sivelocagic
1123 1784 1195 1854 sive
1205 1795 1326 1858 mutuo

266 1914 415 1998 accepta,
437 1910 499 1976 uisi
512 1910 577 2001 siut
590 1909 759 1974 necessario
778 1909 817 1974 od
832 1909 994 1992 qualitates
1009 1929 1214 1994 personarum
1234 1913 1328 1995 adjici

265 2035 456 2101 comedite...
473 2030 689 2101 Permittitur
703 2052 794 2099 unus
812 2030 940 2098 mimus
956 2031 1047 2101 etad
1062 2054 1238 2101 summum
1258 2033 1326 2102 duo

266 2158 303 2226 in
330 2158 492 2249 praedicto
522 2158 610 2226 festo
640 2158 818 2248 Regum...
840 2165 873 2224 et
892 2156 1093 2246 prohibetur
1112 2158 1253 2226 omnino
1281 2180 1325 2226 ne

266 2283 445 2352 occasione
457 2283 644 2352 mimorum
659 2283 729 2351 sive
740 2281 952 2364 facetiarum,
969 2290 1028 2350 aut
1039 2282 1185 2351 aliarum
1201 2306 1326 2374 expen-

265 2429 382 2476 sarum
397 2432 459 2500 pro
477 2410 565 2478 festo
578 2409 693 2500 aliqua
701 2383 861 2499 pecuniae¹
868 2429 1004 2477 summa
1016 2418 1322 2500 quantumcunque

263 2556 369 2624 parva
386 2533 556 2625 exigatur,
573 2541 632 2602 aut
648 2533 752 2602 etiam
768 2533 952 2624 recipiatur
975 2555 996 2602 a
1015 2534 1202 2626 juvenibus
1223 2534 1324 2604 scho-

263 2660 393 2730 lasticis
408 2660 515 2752 gratis
532 2659 657 2744 oblata,
677 2667 802 2751 praeter
817 2667 1041 2750 spontaneam
1058 2668 1091 2728 et
1108 2661 1322 2731 moderatam

263 2788 370 2877 Regis
391 2787 599 2857 oblationem
623 2809 663 2856 ac
683 2785 866 2878 pecuniam
880 2786 1015 2855 noviter
1034 2787 1249 2857 venientium
1265 2787 1324 2879 qui

261 2913 366 3001 vulgo
389 2913 534 3004 Bejauni
554 2907 788 2996 nominantur,
815 2934 891 3002 quae
918 2911 1066 3002 pecunia
1089 2912 1323 3004 Rejaunorum

262 3035 367 3126 recipi
383 3037 582 3106 conceditur
597 3039 697 3129 juxta
721 3036 899 3126 antiquam
916 3045 950 3104 et
966 3036 1174 3106 laudabilem
1197 3037 1322 3107 Facul-

262 3160 341 3228 tatis
355 3161 649 3252 permissioncm¹.
668 3189 684 3225 »
707 3162 780 3231 Tali
792 3163 927 3232 decreto
940 3185 1124 3231 monemur
1145 3186 1322 3232 marmoreo

262 3308 369 3354 menae
383 3286 585 3377 spectaculis
602 3286 807 3356 scholastica
820 3309 1040 3378 nequaquam
1054 3286 1199 3378 imparia
1215 3288 1321 3356 exsti-

261 3413 357 3497 tisse,
388 3413 480 3503 quod
500 3414 542 3483 ἃᾶ
561 3412 853 3504 magnificentiam
871 3407 1081 3505 coronaque
1093 3414 1322 3504 frequentiam

262 3535 395 3621 attinet,
413 3560 520 3628 quum
534 3537 617 3629 ipsae
632 3537 757 3607 fabulae
781 3537 865 3608 citra
885 3538 1053 3630 linguam,
1074 3561 1165 3631 saepo
1181 3539 1323 3610 Gallica·

260 3685 338 3730 rum
360 3661 545 3732 simillimae
557 3663 664 3732 fuisse
683 3664 876 3733 videantur.

325 3790 425 3859 Tales
437 3800 533 3859 eraut
542 3791 789 3860 Parisiensium
800 3791 1060 3884 gymnasiorum
1070 3788 1211 3860 ineunte
1222 3799 1319 3861 sexto

260 3914 393 3984 decimo
410 3915 535 3984 saeculo
552 3916 740 4002 oomoediae,
758 3939 904 4008 quarum
916 3914 1071 4006 vestigiis
1087 3923 1179 3984 retro
1191 3915 1320 3984 instare

259 4040 351 4126 licet,
382 4026 569 4110 Facultatis
593 4041 731 4111 Artium
749 4043 885 4112 decreta
908 4039 1185 4132 Parlamentique
1212 4039 1320 4108 inter·
1396 4115 1398 4120 ,

316 4275 341 4330 1.
363 4277 488 4343 Bu1.‚v‚
504 4297 530 4351 p.
545 4277 641 4334 raa-3.
