3142 5066
626 1227 773 1299 CAPUT
797 1227 847 1296 Ill

512 1528 667 1577 ruxuolus
691 1527 790 1575 sacua
813 1525 964 1572 unium

272 1855 403 1927 Ravisii
426 1855 550 1925 fabulae
569 1856 732 1927 videntur
752 1856 886 1926 circiter
902 1880 943 1926 ex
962 1881 1053 1928 anno
1067 1860 1152 1927 1500
1167 1881 1275 1950 usquc
1379 1843 1380 1847 ¹

205 1984 248 2054 ad
266 2004 397 2051 annum
426 1984 512 2050 1520
533 1991 617 2051 aetae
641 1982 762 2066 fuisse,
792 1981 821 2051 si
845 1984 1057 2053 concesseris
1085 1993 1273 2068 auctorem,

214 2107 463 2178 Parisiensium
496 2107 675 2175 rhetorum
713 2107 847 2193 moro¹,
882 2108 937 2177 his
971 2109 1104 2180 dedisse
1136 2131 1276 2201 operam
1311 2088 1314 2095 ¹

207 2231 472 2314 adolescentem,
490 2253 554 2299 neo
570 2230 744 2320 grandiori
771 2239 883 2316 aetate,
904 2231 1054 2322 henigne
1070 2233 1162 2302 enim
1177 2233 1276 2302 audi-

206 2365 293 2442 tum,
308 2357 349 2426 ab
371 2356 501 2426 eisdem
526 2356 743 2439 discessisse3
770 2358 863 2449 quod
889 2357 1033 2427 dubium
1057 2381 1132 2427 esse
1152 2359 1274 2428 fateor.

206 2482 414 2552 Auctoribus
432 2485 493 2552 Pu.
518 2485 655 2567 Ghosles,
689 2483 845 2574 mihique
867 2481 1045 2574 incognito
1068 2505 1136 2574 quo
1155 2483 1277 2552 nititur

130 2696 133 2700 ,
208 2606 484 2698 chronographo,
514 2628 585 2675 una
612 2629 656 2675 cx
680 2606 863 2699 praeoipuis
888 2607 998 2678 nostri
1030 2607 1155 2680 fabulis
1183 2631 1275 2678 anno

209 2733 295 2802 1510
310 2730 543 2801 inducta'fuit.

274 2856 325 2925 De
339 2855 464 2947 quihus
478 2863 517 2924 ut
532 2855 683 2946 primum
697 2856 896 2925 summatim
910 2857 1045 2947 loquar,
1059 2864 1139 2926 sunt
1155 2835 1273 2942 saorae,

153 3002 157 3007 ·
206 2988 287 3049 sunt
307 2979 464 3063 satiricae,
489 2989 571 3048 sunt
591 2979 779 3069 longiores,
807 2988 888 3048 sunt
914 3001 990 3070 quae
1013 2980 1073 3050 vix
1099 2981 1275 3051 modicum

208 3105 384 3195 dialogum
417 3105 600 3175 excedunt.
638 3104 802 3188 Quaedam
825 3127 929 3197 prosa
960 3104 1128 3189 oratione,
1166 3105 1276 3174 versi-

208 3230 273 3300 bus
295 3232 451 3324 quaedam
470 3231 623 3324 scriptae3
642 3230 827 3323 aliquando
844 3231 968 3300 solutis
986 3231 1100 3301 verbis
1120 3232 1276 3325 adjunxit

209 3382 384 3429 numeros.
405 3361 500 3429 Inter
519 3382 654 3446 versuo,
679 3351 839 3429 nonnulli
868 3359 1029 3428 eumdem
1055 3359 1092 3427 in
1123 3359 1274 3430 cadendo

211 3509 347 3570 sonum,
375 3485 472 3555 latini
499 3485 669 3556 sermonis
686 3487 915 3556 Miroculorum
938 3483 1057 3568 instar,
1094 3485 1272 3556 referunt:

209 3618 244 3679 at
278 3609 433 3703 plerique
469 3620 530 3681 aut
567 3609 779 3679 hexametris
822 3615 981 3678 coustant
1010 3616 1069 3676 aut
1102 3606 1272 3691 distichis,

208 3745 267 3830 aut
291 3735 427 3829 saepius,
465 3736 583 3805 mixtis
610 3733 829 3826 ,hexametris
860 3741 963 3825 atque
987 3731 1156 3831 distichis,
1178 3755 1274 3802 more

208 3861 436 3932 vetustissimi
468 3861 558 3931 inter
586 3860 788 3931 Terentium
823 3858 1098 3948 Delusoremque
1133 3855 1273 3946 dialogi.
1345 3853 1347 3856 ’

209 3961 278 4059 Sed
296 3988 392 4058 abest
415 3987 551 4058 iambus
574 3986 630 4056 cui
653 3994 733 4078 post
754 3991 938 4055 renovatas
962 3983 1107 4067 litteras,
1128 3983 1273 4053 florente

208 4113 391 4184 Francisco
430 4113 555 4206 primo,
584 4122 660 4182 tum
700 4111 840 4181 demum
875 4111 912 4181 iu
944 4110 1121 4186 comoediis
1154 4131 1274 4180 occur*

263 4291 288 4350 l.
311 4293 477 4360 Quicherat‚
492 4289 615 4352 Histoire
623 4289 655 4348 de
669 4288 873 4348 Soluto-Barba.

1166 4413 1182 4463 3
