3142 5066
721 505 900 574 ...80-

377 666 521 748 Ipsorum
535 671 654 732 edenda
669 669 853 732 convocavit
868 666 1000 730 fercula.

378 778 493 838 Videte
509 779 582 838 dum
596 797 635 839 ne
650 778 795 858 praesidis
809 775 962 836 vocabulo

375 883 566 947 Praefectum
580 887 757 946 habendum
772 881 960 944 existimetis
970 879 1123 942 urbicum.

376 993 514 1071 Pagana,
531 994 667 1072 agraria,
684 993 774 1052 rudia
789 997 882 1051 errent
896 1008 964 1067 quae
978 989 1099 1066 agenda
1114 993 1185 1048 sunt
1195 983 1219 1047 ¹.

344 1209 427 1280 Haec
442 1235 533 1282 anno
551 1217 632 1283 1511
661 1216 752 1308 typis
782 1214 956 1283 mandata.
988 1212 1069 1296 Sed,
1096 1209 1214 1279 multis
1238 1206 1338 1277 annis

277 1340 390 1418 antea,
415 1347 566 1422 auctore,
598 1349 636 1408 ut
667 1341 740 1432 ipse
774 1339 871 1422 dixit,
897 1338 1083 1407 admodum
1108 1337 1337 1413 adolescente,

263 1445 314 1524 'in
340 1481 479 1529 scenam
513 1463 654 1534 inducta
681 1465 829 1534 fuerant.
862 1462 1043 1552 Corrumpi
1071 1483 1153 1530 vero
1183 1456 1224 1527 ab
1255 1453 1339 1546 ipsis

276 1585 557 1674 praeoeptoribus,
579 1610 687 1677 prava
700 1589 814 1658 Plauti
825 1586 1134 1679 Aristophanisque
1149 1580 1339 1651 imitatione

279 1707 551 1780 adolescentium
577 1735 704 1796 mores,
729 1714 911 1782 hominnm
937 1711 1042 1782 animi
1070 1733 1140 1778 non
1167 1707 1227 1777 diu
1249 1705 1338 1772 ferre

269 1841 445 1921 poterant.
465 1837 624 1907 Vidimus
641 1839 732 1929 apud
755 1839 883 1924 Gallos,
905 1838 1103 1918 Britannos,
1134 1833 1336 1910 Germanos,

277 1978 298 2024 a
321 1960 461 2047 regibus
491 1973 610 2032 contra
635 1965 806 2056 ejusmodi
834 1965 975 2034 facetias
1003 1962 1160 2032 saevitum
1183 1978 1279 2039 esse;
1304 1963 1340 2024 at

277 2078 314 2148 in
336 2082 489 2167 Batavis,
519 2109 592 2156 rem
617 2087 770 2156 humano
800 2111 927 2178 genere
954 2086 1159 2176 digniorem,
1185 2081 1338 2173 privatus

279 2213 312 2272 et
339 2207 434 2276 solus
460 2209 565 2279 homo
594 2235 666 2281 non
692 2213 807 2280 timuit
835 2213 999 2282 adversus
1028 2208 1221 2300 improbam
1248 2227 1339 2295 prae-

278 2338 455 2419 ceptorum
481 2337 769 2405 consuetudinem
793 2337 974 2426 insurgere
1003 2358 1042 2405 ao
1076 2342 1213 2425 pectore
1246 2328 1338 2398 indi-

276 2455 397 2541 gnanti
424 2457 579 2527 emittere
605 2460 784 2529 Juvenalis
808 2483 952 2530 versus:

392 2693 528 2754 Maxima
543 2697 676 2756 debetur
687 2715 786 2774 puero
802 2695 1002 2768 reverentia;
1020 2693 1047 2753 si
1062 2691 1136 2770 quid

395 2800 498 2878 Turpe
512 2821 614 2878 paras,
632 2821 669 2863 ne
687 2809 720 2863 tu
736 2803 828 2880 pueri
844 2799 1072 2880 contempseris
1087 2813 1196 2856 annos.

340 3023 385 3091 At
408 3026 508 3094 fallor
525 3049 532 3096 :
550 3027 668 3097 fidenti
698 3027 839 3118 quidem
868 3026 929 3095 sed
957 3047 1028 3093 non
1058 3021 1175 3090 minus
1204 3014 1336 3085 urbana

273 3171 357 3216 vooe
373 3150 508 3218 locutus
534 3160 596 3236 est,
617 3151 671 3219 vir
683 3152 787 3221 hodie
802 3151 943 3242 ignotus
959 3149 1013 3218 oui
1036 3157 1153 3216 tamen
1177 3143 1213 3211 in
1239 3147 1336 3209 sexto

274 3273 406 3344 decimo
428 3279 553 3346 saeoulo
568 3300 748 3369 nunquam
764 3301 834 3346 non
857 3275 1046 3345 occurritur
1062 3270 1336 3364 quotiescunque

274 3395 415 3467 utilibus
439 3402 499 3471 sed
527 3401 684 3491 ingloriis
703 3401 807 3470 rebus
834 3396 1190 3470 estincumhendum.
1207 3391 1270 3464 1111
1286 3395 1338 3456 est

327 3677 352 3734 1.
374 3679 493 3735 Bassari
505 3679 656 3752 Prologus.
674 3679 784 3735 -Sibi
802 3681 975 3751 magistrum
993 3677 1083 3732 fuisse
1098 3676 1130 3730 in
1150 3673 1260 3730 comica
1275 3676 1337 3726 arte

273 3775 448 3849 Capnionem
464 3779 507 3833 sic
522 3779 724 3851 Macropedius
741 3781 894 3852 profitetur
910 3778 986 3850 «qui
1000 3775 1141 3848 (Capnio),
1165 3777 1270 3847 praeter
1282 3773 1337 3825 hoc

272 3875 348 3947 quod
360 3875 491 3947 linguam
504 3877 671 3932 hebraicam
684 3878 797 3949 primus
807 3876 968 3931 Germaniae
979 3876 1101 3938 invexit,
1116 3873 1205 3927 etiam
1225 3871 1335 3940 collap-

272 3991 335 4028 sum
346 3991 479 4046 prorsum
492 3977 649 4029 artificium
665 3977 805 4030 comicum
819 3976 930 4047 primus
947 3973 1131 4028 instauravit.
1150 3973 1177 4026 Is
1187 3968 1262 4024 mihi
1273 3968 1337 4040 pri-

272 4089 336 4126 mus
351 4074 394 4142 (ut
410 4090 508 4127 verum
527 4077 630 4143 fatear)
650 4091 749 4128 ansam
762 4073 908 4128 scribendi
922 4071 1018 4140 dedit3
1034 4072 1060 4125 is
1072 4087 1117 4125 ma
1129 4070 1241 4143 primus
1255 4066 1335 4122 exci-

271 4171 351 4225 tavit.
367 4170 399 4227 Si
408 4178 513 4243 praeter
526 4190 592 4227 aum
603 4173 655 4227 1111
666 4180 734 4228 ante
745 4190 790 4228 me
803 4171 974 4243 scripserint
986 4169 1094 4233 neseio,
1110 4167 1165 4224 hoc
1184 4168 1245 4224 acio
1258 4165 1333 4238 quod

272 4269 345 4330 alios
358 4287 416 4330 non
427 4270 559 4332 viderim.
576 4290 589 4327 a
603 4271 815 4340 (Rebelliumet
825 4270 917 4354 Alutae
931 4268 1084 4346 praefatio.)
