3142 5066
743 427 921 518 *dd-⁶

298 593 425 710 poium,
452 593 557 684 iatine
590 625 681 682 anno
713 605 794 681 1191
825 606 1061 702 prostitcrunt.
1093 595 1239 706 lambda
1270 619 1360 688 tabo

300 742 385 810 1190
400 738 560 809 feralium
569 739 773 807 chorearum
786 735 910 806 Latina
923 735 1070 807 imitatio
1085 737 1261 810 exstiterat
1271 744 1362 834 apud

297 870 334 936 dc
345 864 506 952 Merces&
521 863 578 934 Sic
593 862 697 948 enim,
709 863 774 934 hac
786 870 898 950 aetate,
914 862 1045 934 Latina
1058 885 1137 934 cum
1150 863 1290 936 Gallicis
1303 867 1360 936 lit-

297 998 379 1062 terae
395 989 691 1062 consociabuntur.

362 1115 535 1201 Ravisius‚
564 1115 657 1186 haud
683 1137 783 1186 secus
797 1136 837 1186 ac
853 1115 980 1200 caeteri,
1006 1115 1167 1188 homines
1184 1126 1304 1190 monet
1322 1128 1360 1188 ut

295 1241 461 1328 universi,
479 1241 638 1312 morituri
657 1241 761 1326 enim,
778 1242 851 1312 Deo
868 1241 1008 1312 assidue
1027 1243 1250 1314 famulentur.
1265 1243 1361 1314 Atta-

293 1393 375 1440 men
390 1369 498 1440 libaro
524 1367 707 1459 vividoque
734 1367 870 1458 dialogo
890 1376 923 1436 et
938 1391 1009 1437 non
1024 1351 1244 1460 strophardm
1271 1369 1358 1438 serie

294 1517 364 1566 uno
390 1503 509 1564 tenore
524 1492 645 1562 fluenti
668 1516 742 1562 rem
769 1493 942 1585 exprimit,
959 1516 1023 1564 nec
1051 1494 1184 1565 dubitat
1197 1495 1358 1565 ridiculas

296 1618 470 1688 interdum
482 1641 649 1712 personas
664 1618 840 1704 inducere,
857 1628 896 1687 ut
916 1618 1163 1710 spectatoribus
1177 1619 1268 1688 risus
1282 1641 1358 1689 mo·

294 1754 426 1816 vestur.
449 1745 569 1838 Itaque
585 1765 716 1834 coquus
736 1766 757 1812 a
777 1743 887 1812 Morte
913 1743 1051 1837 proprio
1070 1767 1155 1814 veru
1177 1743 1356 1836 trajicitur.

294 1869 444 1961 Roganti
462 1868 596 1938 ebrioso
612 1867 754 1936 ultimus
770 1868 916 1936 haustus
932 1867 1142 1938 conceditur.

333 2049 380 2112 Da
390 2049 547 2128 jugulum.
565 2081 603 2096 -
617 2048 769 2122 Tradam3
785 2053 890 2108 tamen
904 2051 976 2107 anta
990 2046 1195 2108 brevissimus
1207 2048 1336 2109 haustus

375 2159 423 2218 Sit
441 2157 518 2220 mihi
531 2172 709 2218 concessus.
727 2185 765 2200 -
779 2155 849 2216 dam
863 2154 949 2215 biba.
963 2187 1003 2198 —
1015 2153 1152 2229 Bacche,
1167 2153 1251 2215 vale.

347 2264 407 2324 Hie
420 2263 529 2324 saltem
542 2263 684 2340 requiem
697 2267 829 2340 praestes
846 2261 899 2322 ubi
913 2260 1056 2337 dulcibus
1069 2262 1139 2322 uuis
1257 2275 1261 2282 ·

375 2375 414 2432 Et
430 2372 514 2430 dulci
529 2373 603 2430 vino
619 2371 731 2430 floreat
746 2369 845 2430 almus
863 2386 950 2446 agor.

293 2479 436 2542 -Nunc
451 2495 629 2538 morera.-
644 2477 735 2536 Hunc
749 2477 892 2536 haustum
908 2473 1020 2536 saltem
1033 2476 1173 2536 concede
1187 2478 1358 2538 secundum

372 2585 510 2659 Baccha,
523 2585 609 2658 vale3
628 2583 746 2642 valcas.
763 2581 887 2660 Optime
902 2582 1037 2656 Bacche,
1051 2583 1135 2644 vale.

360 2756 400 2823 ln
416 2754 605 2846 posteriore
624 2761 720 2845 parte
737 2753 795 2843 qui
810 2751 901 2821 risus
927 2751 1165 2837 movebantur,
1185 2752 1375 2822 damnatis'

294 2902 372 2950 cum
397 2887 618 2970 praeceptore,
648 2876 882 2968 dispensatore
898 2885 999 2968 atque
1013 2875 1082 2946 lixa
1097 2877 1248 2976 collegiil
1267 2878 1357 2962 Quid
1437 2858 1441 2866 ¹

294 3003 466 3074 commisit
477 3003 691 3097 preceptor?

393 3187 452 3246 Hic
464 3185 616 3262 juvenum
632 3183 776 3262 scapulas
790 3183 948 3246 mutilavit
961 3191 992 3246 et
1012 3203 1082 3246 ossa
1095 3185 1242 3264 flagellis

432 3293 643 3354 Elicuitrivos
657 3292 818 3370 sanguinis
834 3311 873 3352 ex
887 3293 1037 3354 humeris.

393 3403 461 3463 Nec
475 3401 579 3463 timuit
596 3401 729 3478 pedibus
744 3417 860 3478 pueros
875 3399 996 3462 calcare
1010 3401 1156 3477 tenellos,

432 3512 500 3572 Nec
514 3529 656 3572 croceam
670 3509 812 3570 manibus
823 3507 942 3570 vellere
957 3509 1128 3571 caesariem.

430 3653 471 3666 -
485 3619 629 3682 Verbera
644 3635 712 3696 quae
727 3616 836 3696 pueris
851 3616 958 3678 intulit
971 3617 1041 3695 ipse
1056 3614 1150 3682 ierat.

361 3779 451 3862 Quid
468 3779 709 3871 dispensator?

392 3953 462 4028 Dic,
478 3953 600 4027 Clotho,
619 3952 766 4030 quidnam
781 3951 981 4029 dispensator
996 3951 1099 4011 scelus
1114 3949 1199 4027 egil?

431 4062 504 4121 -Ο
517 4062 586 4123 fera
597 4069 770 4124 tartareum
781 4078 913 4140 pascere
932 4061 1027 4138 digna
1043 4060 1166 4122 oaneml

347 4245 371 4306 1.
392 4249 427 4310 V.
441 4249 559 4306 Brunet.

1554 2459 1555 2468 r

1551 2471 1555 2486 Ι
