3142 5066
734 537 912 612 ..60-

293 725 438 778 uxorem
464 703 627 778 ducentes
642 699 729 773 nihil
743 699 858 774 minus
873 711 990 774 tamen
1006 700 1163 775 omnium
1178 711 1355 800 contemp-

291 831 342 902 tui
354 829 613 925 objiciebantur.
628 829 678 898 Ex
690 852 757 920 quo
772 829 809 898 fit
824 837 862 898 ut
875 827 912 897 in
924 828 1046 898 incerti
1060 828 1210 900 auctoris
1226 851 1354 902 comce-

291 953 347 1027 dla
364 978 455 1026 anno
483 955 617 1025 circiter
645 955 731 1024 1533
755 953 897 1024 Parisiis
918 963 994 1023 acta
1020 963 1054 1023 ct
1073 953 1230 1024 nondum
1262 955 1353 1048 typis

292 1079 490 1164 mandata¹‚
512 1083 610 1171 cujus
638 1102 810 1171 nusquam
839 1079 1009 1171 dispectae
1037 1083 1153 1171 partes
1183 1077 1351 1165 vidimus,

294 1201 500 1273 deridendus
512 1202 693 1294 spectatori
706 1201 897 1292 praebeatur
906 1201 1035 1285 rhetor,
1052 1199 1194 1270 uxorius
1210 1203 1351 1288 scilicet,

293 1350 398 1420 quem
425 1349 540 1396 coram
573 1327 701 1418 populo
735 1327 840 1396 comit
872 1325 1024 1418 conjux²
1053 1335 1086 1394 ct
1115 1325 1175 1418 qui
1201 1327 1354 1396 vicissim

293 1455 478 1546 conjugem
505 1475 694 1542 graecorum
719 1451 904 1522 verborum
931 1461 1086 1544 tempora
1117 1449 1227 1522 docet.
1257 1452 1354 1522 Idem

293 1579 433 1649 demum
456 1578 499 1648 ob
517 1577 698 1647 ridiculam
711 1577 818 1649 vitam
838 1575 976 1647 Lutetia
1001 1577 1163 1673 expulsus
1185 1575 1354 1666 Burdiga-

293 1704 431 1797 lamque
459 1704 670 1775 contendens
690 1703 748 1774 uhi
775 1705 970 1796 regentium
988 1704 1217 1773 matrimoniis
1246 1697 1356 1772 indul-

294 1830 470 1921 gebaturi,
492 1854 637 1900 uxorem
660 1832 815 1899 humeris
839 1831 993 1923 suscipit,
1021 1854 1091 1901 non
1116 1830 1192 1898 sine
1217 1849 1352 1900 coronae

292 1954 376 2025 risu.

359 2077 450 2162 Quid
467 2079 575 2170 {quod
602 2103 643 2148 ex
669 2079 740 2150 vita
764 2078 855 2148 virili
882 2085 915 2147 ct
937 2099 957 2148 a
980 2074 1140 2148 muliebri
1160 2075 1352 2147 urbanitate

346 2297 372 2356 l.
394 2303 562 2374 «Dialogus
586 2305 672 2378 longa
690 2306 884 2361 facetissimus
908 2305 943 2360 da
957 2306 1094 2377 temporis
1114 2323 1148 2361 ao
1165 2303 1352 2362 scientiarum

292 2403 461 2464 mutatione.
476 2404 700 2477 disputationem
713 2406 872 2476 praesertim
887 2404 1039 2477 sophistici
1052 2421 1084 2459 ac
1097 2404 1259 2476 logodedali
1273 2422 1351 2460 com-

292 2502 428 2572 plectens.
446 2503 497 2559 Est
513 2511 608 2559 autem
625 2505 659 2559 de
675 2506 845 2577 ahJ'icicndis
857 2506 999 2578 praecipue
1014 2505 1209 2576 sophistarum
1220 2506 1313 2576 gerris
1324 2509 1353 2559 ct

293 2601 327 2654 de
342 2602 526 2656 matrimonio
542 2603 763 2674 praeceptoribus
777 2605 873 2658 minus
886 2603 1107 2659 convenientiob
1117 2603 1216 2658 uxoris
1228 2603 1352 2673 gravita-

293 2705 350 2754 tem
365 2705 393 2753 et
406 2701 524 2771 pondus.
541 2721 553 2752 u
570 2701 654 2766 (Bibl.
673 2709 745 2766 nat,
761 2704 780 2756 s.
805 2703 869 2766 lat,
885 2711 918 2756 n⁰
932 2701 1022 2771 8439).
1037 2702 1125 2767 Quem
1135 2717 1237 2755 revera
1257 2707 1352 2755 actum

293 2797 490 2854 iuissamonat
506 2807 706 2871 argumentum
725 2817 732 2854 c

510 2933 579 2984 curi
596 2935 695 2985 etenim
707 2936 844 3000 depromet
858 2933 973 2985 iambica
986 2933 1070 2986 multa
1080 2933 1205 3002 juventus

510 3021 634 3084 Classica,
650 3027 701 3074 etc.

293 3145 395 3202 Actum
408 3153 502 3202 autem
516 3166 590 3202 auno
605 3145 672 3202 1533
691 3159 748 3202 no'u
764 3148 855 3202 solum
876 3147 1021 3212 docemur,
1037 3147 1213 3221 Lipocordulo
1225 3147 1351 3218 ejusdem

294 3253 361 3308 mati
374 3251 489 3321 dialogo
504 3249 571 3302 huic
586 3267 661 3303 anuo
672 3250 822 3321 inscripto,
838 3249 887 3303 sed
898 3249 1039 3320 imprimis
1051 3249 1126 3320 quod
1137 3250 1168 3303 in
1181 3255 1350 3323 argumento

294 3349 480 3407 Tartesiacum
490 3346 653 3420 Burdigalae
668 3347 847 3418 gymnasium
859 3353 985 3402 vocatur.

510 3479 654 3530 Subveniet
667 3479 770 3530 miseris
784 3495 874 3530 verum
892 3479 1065 3540 Rhamnusia,
1080 3479 1186 3546 quando

540 3571 587 3620 His
602 3569 756 3621 tartesiacas
771 3571 889 3635 porriget
902 3571 959 3635 ipsu
969 3585 1071 3622 munus.

345 3695 442 3751 Scitur
454 3697 530 3750 anim
544 3695 599 3750 hoc
612 3711 686 3750 auno
709 3693 832 3750 aTarta
852 3695 995 3749 Lutatium
1018 3683 1194 3767 professores
1216 3695 1351 3769 quaesitos

291 3811 364 3850 esse.
379 3795 455 3863 (Vid.
470 3794 636 3860 Quicherat‚
649 3794 771 3850 Histoire
784 3794 815 3848 de
833 3793 1047 3860 saints-Burbu,
1060 3802 1089 3851 at
1108 3795 1267 3865 Gaullieur,
1282 3797 1351 3852 His-

294 3894 364 3950 toire
377 3896 415 3949 du
427 3893 521 3964 colline
531 3891 562 3947 ds
573 3892 723 3965 (lapsana.)

337 4027 361 4078 2.
504 4025 667 4075 Comeudum
679 4040 722 4076 me
736 4039 811 4075 cures
826 4021 944 4086 obsecro,
960 4041 1011 4090 quo
1021 4023 1108 4091 legam

509 4111 583 4170 Quod
596 4112 708 4164 institui.
721 4139 753 4152 —
767 4113 863 4164 Sedulo
881 4113 927 4165 det
942 4113 1012 4180 quod
1029 4115 1153 4182 postulas,
1172 4119 1221 4168 etc.

1137 4205 1202 4270 (sol.
1215 4203 1282 4271 107.)

341 4329 368 4385 3.
388 4327 468 4396 Quod
482 4328 631 4384 interulis
646 4334 769 4385 testatur
784 4331 946 4404 exemplum
961 4331 1079 4388 Budiui.
1104 4331 1148 4396 (V.
1170 4327 1343 4398 Gaulliaur.)
