3142 5066
670 499 847 584 mit..

225 668 320 756 cibus
351 665 540 774 expilatam
567 697 671 750 sacra
695 676 816 750 litterae
841 677 994 766 narrant,
1029 667 1173 774 quilibet
1199 671 1289 762 intel

224 811 388 903 prodigos
424 809 482 878 fiet
514 810 613 899 cujus
654 805 825 900 originem
857 829 960 878 nemo
995 812 1194 902 agnovisset
1221 814 1289 885 nisi

225 936 262 1006 in
275 942 479 1026 argumento
500 932 642 1004 dixisset
668 911 854 1040 llauisius:
886 961 902 998 «
916 935 984 1004 hoo
998 939 1177 1028 speculum
1199 949 1289 1012 trao-

223 1071 300 1132 tum
327 1083 403 1132 esse
435 1058 649 1130 ex'bistoria
676 1058 858 1148 notissima
889 1059 930 1129 de
958 1083 1066 1152 puero
1096 1065 1286 1156 prodigo.»

226 1187 358 1272 Quibus
373 1184 716 1256 animadvertendum
724 1184 811 1254 mihi
824 1185 971 1272 videtur,
988 1210 1091 1279 quem
1100 1190 1138 1260 in
1147 1194 1289 1264 modum

227 1311 440 1382 consuetudo
469 1310 648 1401 generales
675 1311 803 1382 formas
828 1311 865 1379 in
891 1311 1180 1405 disputationibus
1205 1326 1291 1390 trac·

225 1441 320 1512 tandi
340 1438 499 1509 escholis
514 1438 557 1508 ad
570 1437 703 1530 pulpita
715 1438 916 1508 manaverit.
999 1511 1002 1516 ,

292 1567 373 1635 Haec
404 1563 577 1656 plerisque
612 1563 807 1634 fabularum
842 1564 1051 1635 communia.
1085 1567 1179 1636 lnter
1204 1590 1289 1659 quas

227 1710 334 1781 quum
362 1689 442 1774 duo,
471 1697 511 1756 ut
532 1691 605 1780 jam
632 1687 762 1759 dictum
790 1696 853 1771 est,
879 1711 1007 1779 genera
1040 1689 1225 1778 emineant,
1248 1694 1288 1766 de

226 1813 339 1906 priore
353 1813 390 1883 in
409 1835 478 1905 quo
492 1813 585 1883 Mors
599 1812 727 1904 primas
741 1821 836 1882 tenet
846 1814 920 1904 J'am
934 1814 1210 1905 disquirendum.

292 1938 477 2010 Neminem
491 1937 580 2008 fallit
595 1937 720 2036 Mortis
732 1923 921 2028 imaginem
934 1939 1055 2010 Mediae
1068 1941 1176 2012 AEtati
1189 1950 1227 2011 ut
1242 1942 1290 2012 ita

227 2065 337 2136 dicam
351 2063 550 2134 incubuisse
561 2063 585 2131 ¹.
600 2061 792 2133 Hominum
804 2063 874 2134 vita
890 2064 1057 2136 contineri
1069 2074 1144 2136 tum
1153 2066 1289 2138 videtur

171 2280 175 2291 Ι
227 2190 361 2262 duobus
380 2188 529 2260 Villonis
552 2187 710 2258 versibus
734 2211 846 2278 quum
860 2187 896 2258 in
918 2191 1119 2260 monasterii
1141 2193 1288 2264 sacrario

227 2316 302 2408 ejus
321 2323 442 2399 mater,
458 2313 667 2406 paupercula
680 2312 810 2382 scilicet
830 2335 930 2397 anus,
945 2314 1029 2384 visis
1043 2315 1124 2385 hinc
1142 2317 1234 2408 picto
1252 2317 1290 2386 in

227 2409 460 2532 specularibus
475 2438 633 2529 paradiso
648 2436 707 2506 ubi
727 2445 808 2506 sunt
829 2438 978 2522 citharae,
1012 2449 1046 2510 at
1069 2439 1162 2510 illinc
1188 2441 1291 2510 inier-

226 2563 281 2636 nis
296 2564 355 2634 ubi
369 2563 533 2648 damnati,
553 2572 592 2632 ut
604 2563 663 2647 ait,
680 2562 861 2646 elixantur,
887 2564 951 2632 Ilei
970 2574 1148 2656 parentem
1172 2567 1289 2658 Virgi-

225 2713 306 2762 nem
321 2698 395 2762 orat
410 2712 453 2760 ue
466 2689 503 2757 in
512 2697 657 2758 aeternas
669 2687 797 2758 incidat
811 2688 980 2758 flammas.
995 2690 1164 2760 Praeterea
1178 2715 1289 2783 popu-

224 2815 278 2888 los
294 2816 353 2907 qui
372 2816 421 2884 sio
437 2815 574 2886 venturi
588 2813 720 2894 Judicis
743 2806 839 2884 metri
864 2814 1147 2885 concutiebantur
1167 2808 1289 2886 notum

228 2950 279 3012 est
309 2941 526 3033 crapacihus
550 2963 590 3009 ao
609 2939 804 3009 numerosis
828 2939 1032 3031 pestilentiis
1057 2964 1161 3032 quam
1184 2944 1290 3034 fugax

227 3070 272 3140 sit
294 3069 369 3138 haec
395 3068 466 3137 vita
492 3065 686 3136 rescivisse.
710 3067 783 3135 Nec
811 3066 926 3135 minus
950 3067 1059 3158 liquet
1085 3068 1290 3138 Macabraeas

227 3195 369 3266 choreas
390 3195 547 3286 (quarum
562 3161 659 3280 origo'
676 3213 738 3260 seu
757 3214 800 3259 ex
811 3190 901 3260 tertii
917 3191 1040 3261 decimi
1056 3192 1171 3261 saculi
1184 3194 1291 3284 pesti-

226 3318 292 3390 bus
312 3318 468 3401 duoatur,
493 3339 555 3386 seu
580 3315 623 3384 ab
641 3314 752 3407 prima
780 3315 1045 3384 christianorum
1069 3325 1168 3386 aetate
1191 3340 1291 3408 repe-

227 3443 331 3512 tenda
345 3443 400 3526 sit,
425 3465 496 3510 non
521 3449 583 3508 est'
596 3439 680 3508 mihi
702 3463 795 3508 nunc
811 3439 1050 3532 perquirenda)
1067 3439 1290 3510 theatralibus

228 3568 434 3662 quibusdam
458 3565 696 3636 sodalitatibus
723 3573 928 3656 argumento
947 3565 1074 3646 luisse;
1101 3589 1208 3657 quum
1227 3567 1290 3638 wi-

157 3775 159 3778 ,
227 3693 422 3766 borniensis
445 3692 598 3785 synodus
624 3690 789 3784 Magnino
810 3699 898 3760 teste
924 3697 1122 3782 queratur«
1142 3690 1183 3760 de
1212 3692 1291 3762 cbo·

228 3819 311 3904 reis,
338 3817 518 3924 cantilenis
537 3841 577 3888 ac
592 3815 804 3887 secularibus
832 3814 924 3886 ludis
947 3816 1006 3908 qui
1029 3816 1066 3884 in
1087 3816 1290 3886 coemeteriis

228 3943 313 4036 ipsis
339 3942 532 4032 agebantur
557 3943 647 4012 circa
677 3965 820 4034 corpora
840 3949 1058 4013 mortuorum
1070 3941 1096 4012 ².
1117 3970 1131 4006 r
1163 3943 1291 4012 Eadem

282 4203 308 4262 1.
329 4207 364 4264 V.
376 4207 508 4276 Lenieut,
523 4207 651 4268 loSotire
663 4225 697 4268 aa
706 4205 811 4266 Franco
824 4223 861 4266 au
874 4223 968 4280 mopso
978 4205 1036 4280 ἀρε,
1050 4223 1111 4281 cap.
1126 4221 1202 4266 xxvi.

281 4303 308 4359 2.
330 4302 448 4365 Journal
460 4307 491 4364 de
503 4305 694 4366 t'loctrocttoo
704 4305 844 4381 publicae,
856 4321 931 4364 anno
944 4301 1057 4374 18356,
1072 4319 1102 4380 p.
1115 4305 1160 4363 ts.
