3142 5066
680 553 860 623 245...

303 713 501 786 Proferatur
515 712 662 805 exempli
679 714 788 803 gratia
801 716 945 787 Helenae
966 741 1126 794 carmen:

354 915 379 976 O
395 933 495 976 caecos
507 913 649 976 homines
663 933 740 993 quos
759 915 869 978 formae
885 918 970 980 culta
983 929 1133 988 venustas

387 1013 490 1092 Erigit
503 1019 535 1075 et
547 1015 648 1075 cultus
668 1017 811 1094 corporis
830 1017 974 1082 eximius.

347 1120 439 1204 Nunc
450 1121 556 1196 video,
569 1121 662 1182 video
677 1121 818 1199 nimium,
833 1126 1013 1189 meminisse
1024 1145 1155 1195 necesse
1168 1139 1217 1196 est

388 1228 529 1290 Membra
550 1227 710 1290 hominum
728 1227 821 1292 foedis
834 1233 994 1296 vermibus
1010 1253 1078 1298 esse
1094 1239 1211 1320 epulas.

346 1338 505 1400 Pertimus
519 1338 576 1398 hos
590 1339 693 1400 crines
708 1346 741 1400 et
754 1346 837 1402 torto
851 1344 1004 1406 nectimus
1019 1365 1095 1426 auro

388 1446 593 1524 Fasciolaque
608 1455 701 1526 caput
714 1449 868 1526 cingimus
882 1453 1022 1517 aureola.

347 1555 499 1616 Ornamus
514 1555 586 1615 fuco
601 1554 726 1630 faciem,
742 1557 934 1636 speculoque
949 1561 1127 1642 propinquo

387 1662 541 1724 Informes
555 1664 662 1741 digitis
678 1665 866 1743 corrigimus
881 1668 1032 1732 maculas.

344 1771 421 1833 Arte
438 1778 531 1849 caput
548 1773 693 1848 tegimus,
710 1771 824 1836 faciem
840 1775 1036 1837 deflectimus
1050 1783 1129 1853 arte,

320 1939 323 1944 .
386 1880 546 1958 Cingimus
558 1886 626 1942 arte
642 1899 756 1955 comas,
771 1883 927 1945 volvimus
942 1892 1009 1945 arte
1025 1886 1145 1953 oeulos.

343 1991 383 2050 Et
394 1996 499 2051 tamon
514 1990 547 2050 hi
561 1991 676 2066 crines,
689 1993 742 2052 hie
755 1990 845 2053 fucus
860 1999 890 2054 et
903 1993 965 2054 ista
980 2002 1130 2057 venustas

384 2099 424 2158 Et
436 2098 545 2158 cervix
559 2104 694 2176 pereunt
707 2117 794 2160 more
806 2100 933 2161 fluentis
949 2121 1049 2178 aquae.

341 2209 423 2268 Ecce
438 2228 496 2286 ego
511 2209 643 2287 pulchra
656 2207 703 2269 fui
718 2229 725 2268 :
738 2209 864 2270 tandem
880 2227 947 2270 sum
961 2207 1045 2270 facta
1062 2210 1209 2274 cadaver.

381 2318 498 2380 Nostra
512 2337 585 2379 caro
600 2316 692 2379 foedis
704 2318 864 2378 vermibus
878 2336 949 2378 esca
961 2319 1033 2378 data
1048 2323 1106 2380 eat.

342 2425 375 2487 si
388 2425 491 2488 nescis
504 2426 627 2488 Helena
644 2433 691 2487 est
705 2425 793 2486 larva
808 2426 874 2486 haec
886 2425 1075 2502 umbratilis,
1091 2425 1166 2486 olim

381 2537 418 2597 In
431 2537 578 2598 Menelao
591 2541 681 2613 rapta
695 2533 801 2614 puella
816 2535 920 2596 thoro.

286 2794 599 2885 Supervacaneum,
614 2791 753 2882 Virgilii
767 2791 826 2883 qui
841 2789 1021 2860 scientiam
1035 2790 1193 2863 inutilem
1208 2815 1284 2864 esse

219 2917 329 3004 docet,
346 2917 484 3001 Xerxis,
508 2916 731 3009 Sardanapali
760 2924 1031 3007 caeterorumque
1060 2914 1200 2986 umbras
1226 2941 1283 2987 os-

216 3044 368 3114 tendere.
389 3044 434 3112 Aa
448 3042 579 3111 interea
599 3041 681 3133 quid
699 3042 836 3111 Homo?
855 3041 910 3109 An
928 3041 1003 3110 haec
1027 3041 1170 3111 audiens
1193 3041 1282 3110 inter

216 3167 439 3260 Voluptatem
457 3169 753 3258 Venustatemque
771 3165 1028 3250 obdormirent,
1049 3166 1154 3258 probe
1175 3190 1281 3258 appo-

216 3301 285 3376 tus,
309 3293 401 3383 quod
419 3292 522 3361 tradit
538 3295 598 3361 Pa.
614 3295 748 3374 Cliusles,
769 3290 887 3359 neseio
906 3311 913 3358 :
940 3290 1037 3359 nulla
1056 3299 1145 3360 certe
1159 3291 1281 3360 talium

215 3416 252 3484 in
264 3415 391 3484 nostris
407 3401 614 3502 editionibus
627 3413 786 3502 vestigia.
799 3414 958 3484 Movetur
972 3422 1089 3483 tamen
1100 3414 1280 3506 inexspec-

215 3551 324 3612 tatum
338 3543 374 3612 in
392 3544 547 3626 modum,
563 3564 645 3612 nam
662 3542 852 3611 exclamat:

311 3807 391 3876 Quid
407 3807 538 3868 faciam?
551 3807 661 3868 Castus
675 3806 703 3866 ai
717 3805 828 3866 vixero
844 3819 907 3865 non
922 3823 976 3865 ero
990 3803 1097 3867 salvus

309 3915 485 3990 Propterea
497 3913 624 3973 :vivens
638 3913 665 3974 si
676 3913 796 3972 flevero
810 3931 874 3972 non
888 3911 966 3973 mihi
980 3913 1074 3974 fletus

307 4013 467 4074 Proderit.
479 4013 519 4072 Et
533 4011 643 4072 vivens
658 4013 686 4072 si
700 4011 801 4072 risere
815 4010 860 4070 nil
873 4012 950 4072 mihi
962 4011 1045 4072 risus

310 4116 468 4181 Obiuerit.
481 4118 570 4179 Nihil
585 4136 661 4195 ergo
677 4123 770 4178 nocet
787 4117 927 4206 jucupda
944 4115 1102 4196 volupiae.

308 4227 423 4299 Quare,
440 4225 589 4304 quidquid
603 4225 664 4286 erit
678 4243 805 4303 corpus,
821 4243 877 4285 seu
895 4232 980 4286 terra
996 4226 1115 4284 cinisvc

309 4331 372 4394 Seu
385 4331 514 4409 vermis,
530 4331 610 4393 vado
624 4333 663 4393 ad
678 4333 821 4408 choreas,
837 4333 982 4410 risusque
993 4349 1157 4410 Jocosque.
