3142 5066
757 545 935 612 ..24-

245 727 248 800 j
314 714 480 793 Ludovici
502 714 605 784 rebus
632 711 740 804 gestis
771 711 1070 781 «collationem»
1101 710 1138 780 in
1170 722 1377 804 perpetuum

313 842 505 914 faciendam
518 841 609 934 apud
621 839 847 912 Navarricum
860 840 1048 932 collegium
1069 868 1085 904 «
1098 840 1136 909 in
1151 845 1251 934 cujus
1267 842 1377 913 sancti

311 971 444 1040 honore
466 969 596 1061 capella
618 977 688 1038 tam
713 968 876 1039 solemnis
891 968 971 1038 dicti
986 968 1122 1058 collegii
1145 968 1377 1061 principaliter

314 1104 366 1164 est
381 1095 534 1179 fundata,
555 1093 614 1163 ubi
629 1095 725 1163 loeus
747 1093 946 1185 aptissimus
967 1093 1010 1163 ad
1033 1115 1209 1163 sermones
1231 1095 1375 1180 fiendos,

313 1222 521 1314 grandisque
543 1221 642 1291 valde
665 1220 877 1291 studentium
897 1218 1115 1289 multitudo¹.
1141 1247 1157 1282 »
1183 1219 1247 1288 His
1271 1220 1377 1289 sacris

313 1348 455 1418 aderant
469 1345 568 1415 multi
587 1349 648 1414 ciri
667 1348 851 1434 percelebres
874 1344 998 1435 quibus
1017 1345 1111 1415 haud
1133 1346 1241 1414 semel
1263 1345 1378 1414 allusit

313 1474 451 1556 Textor,
468 1471 660 1563 iisdemque
683 1481 762 1564 post
779 1471 982 1541 concionem
996 1470 1130 1540 lautum
1144 1469 1378 1540 instruebatur

313 1599 496 1692 prandium
521 1626 537 1663 «
557 1598 594 1667 iu
609 1597 852 1688 theologorum
873 1599 962 1667 aula.
979 1625 996 1661 »
1023 1599 1130 1667 Erant
1151 1605 1266 1704 autem
1289 1595 1378 1665 inter

314 1724 474 1794 convivas
493 1752 510 1788 «
522 1724 746 1793 cancellarius
761 1723 926 1807 Francia,
943 1723 1106 1815 praesides
1118 1697 1329 1792 Parlamenti
1344 1730 1378 1790 et

314 1873 458 1921 oamerae
476 1850 734 1941 Gompotorum,
746 1849 907 1920 dominus
919 1848 1154 1918 thesaurarius
1164 1847 1374 1932 Franciae²,»

314 2004 354 2051 ac
365 1980 454 2049 forte
468 1977 675 2048 Parisiensis
691 1978 872 2071 episeopus
889 1978 948 2070 qui
963 1977 1069 2047 saeris
1086 1977 1219 2069 operari
1233 1975 1374 2046 solebat.

313 2102 403 2174 Ludi
414 2105 490 2195 jam
504 2110 583 2171 ante
599 2103 717 2194 epulas
733 2102 897 2172 celebrari
919 2101 1129 2195 incipiebant
1151 2110 1277 2194 etpost
1294 2125 1378 2192 epu-

313 2229 365 2296 las
401 2225 655 2317 repetebantur,
682 2226 774 2317 qnod
798 2226 1020 2318 conqueritur
1041 2229 1143 2295 tectio
1173 2237 1285 2313 quarto
1308 2228 1378 2294 No-

312 2374 432 2432 eorre3
452 2372 534 2419 nam
545 2349 656 2442 prima
668 2350 812 2420 recitare
827 2374 898 2420 non
917 2358 1075 2442 potuerat
1094 2349 1175 2442 quia

435 2495 552 2573 Cuique
568 2512 623 2556 suo
640 2497 759 2557 dandus
774 2495 885 2557 ordine
900 2497 1003 2558 circus
1019 2501 1096 2556 erat.

381 2627 501 2722 Itaque
517 2629 684 2698 exclamat
701 2651 709 2699 :

474 2771 534 2835 Vel
550 2774 626 2834 deus
640 2780 688 2836 est
702 2793 796 2852 quum
809 2782 954 2854 spumant
967 2775 1041 2837 vina
1051 2777 1195 2849 cenchre,

382 2915 384 2922 >
434 2884 473 2943 Et
486 2899 627 2956 somnum
641 2884 740 2944 saturi
755 2885 879 2946 sarcina
890 2887 1012 2947 ventris
1027 2886 1128 2946 amatt

395 2989 522 3068 Impleti
534 2997 662 3052 ventres
677 2998 750 3069 post
764 2991 886 3053 fercula
901 3010 964 3052 uon
978 2992 1039 3053 nisi
1052 2992 1170 3054 lectum

474 3099 515 3158 Et
526 3098 647 3175 plumas
663 3106 807 3176 quaerunt
823 3101 1034 3179 Sardanapalo
1050 3105 1130 3161 tuas.

380 3227 460 3296 lam
491 3225 599 3318 liquet
623 3229 778 3299 Textoris
805 3231 959 3321 dialogos
995 3231 1104 3301 sancti
1135 3227 1302 3300 Ludovici
1323 3226 1378 3298 die

315 3359 409 3421 actos
433 3350 552 3421 fuisse.
581 3355 650 3424 Sed
677 3359 816 3428 eosdem
840 3359 915 3433 sine
944 3359 1049 3429 dubio
1068 3358 1106 3426 in
1131 3356 1272 3449 pulpitis
1295 3354 1380 3424 alias

317 3477 475 3547 sonuisse
509 3480 697 3571 apparebit,
728 3483 756 3552 si
779 3507 889 3576 pauca
914 3485 955 3555 de
983 3482 1171 3555 scolaribus
1202 3478 1380 3551 oomoediis

316 3599 515 3686 dixerimus,
538 3605 657 3692 quales
683 3605 719 3675 in
740 3608 852 3679 Gallia
864 3609 1004 3695 fuerint,
1021 3606 1152 3678 Ravisii
1172 3614 1326 3697 tempore
1347 3611 1382 3671 et

316 3733 395 3794 ante
416 3725 607 3798 Ravisium.
634 3730 711 3813 Quo
735 3733 824 3805 laeto
849 3733 959 3804 nostri
984 3734 1138 3804 dramata
1167 3726 1380 3801 commodius

318 3859 545 3941 exponentur.

371 4071 397 4130 1.
416 4075 520 4141 Lanu,
533 4083 553 4133 t.
566 4077 587 4151 1,
600 4097 628 4152 p.
642 4079 721 4138 72-3.

369 4173 398 4228 2.
418 4174 521 4240 Lanu..
536 4193 604 4249 pars
617 4179 639 4245 Ι,
650 4199 678 4253 p.
698 4179 758 4236 186.
