3142 5066
739 504 849 594 aaa
872 548 917 578 a
1009 525 1010 530 '

295 667 388 767 latis,
417 667 526 752 imbre
552 674 754 769 humectari,
772 686 893 755 cadere
926 683 962 753 in
990 683 1115 771 lutum,
1145 671 1357 762 intenebris

295 810 480 894 ambulare,
520 831 649 900 equum
683 809 808 879 habere
839 810 1027 902 strigosum
1041 819 1043 823 ’
1057 822 1092 882 ct
1121 815 1356 903 macilentum,

294 934 442 1005 dormire
465 933 501 1001 in
521 933 690 1002 cubilibus
711 934 837 1024 quibus
852 935 1010 1021 scabiosi,
1028 939 1195 1025 oenomai,
1213 941 1355 1032 leprosi,

293 1058 455 1142 ulcerosi,
472 1057 639 1150 paralitici
665 1058 752 1127 forte
774 1061 969 1150 jacuerunt.
987 1101 1032 1114 -
1054 1063 1193 1148 Verum,
1208 1065 1357 1137 liberum

292 1192 345 1253 est
357 1183 455 1253 vobis
468 1205 530 1273 per
543 1180 654 1252 otium
668 1191 757 1251 stare
772 1183 810 1252 in
823 1185 959 1277 templis
975 1194 1009 1255 et
1025 1209 1104 1258 cum
1123 1187 1188 1258 diis
1206 1193 1352 1261 versari.

291 1353 336 1364 —
370 1313 456 1380 Date
492 1310 577 1379 mihi
614 1311 752 1401 pelvim.
777 1313 861 1382 Haec
895 1314 999 1383 verba
1019 1316 1167 1385 excitant
1189 1340 1355 1388 nauseam

291 1435 466 1506 stomacho
481 1434 691 1503 meoAulici
704 1435 880 1526 refugiunt
891 1439 1019 1530 templa
1031 1463 1104 1508 non
1117 1441 1233 1510 minus
1250 1467 1354 1533 quam

290 1559 631 1632 carceres-Video
656 1569 771 1628 tamen
791 1563 980 1652 permultos
1008 1587 1260 1656 nonnunquam
1287 1568 1351 1637 ire.

289 1690 422 1758 -Hoc
444 1687 573 1756 faciunt
591 1710 635 1756 ne
663 1688 760 1779 impii
787 1689 970 1759 videantur
994 1701 1054 1760 aut
1081 1701 1119 1761 ut
1149 1693 1351 1764 devoratum

288 1816 366 1906 plus
395 1836 494 1904 aequo
523 1811 637 1881 cibum
665 1813 770 1904 longa
799 1813 1074 1884 deambulatione
1111 1817 1268 1907 digerant
1294 1828 1354 1886 aut

288 1939 523 2032 perniciosum
537 1947 652 2007 saturo
667 1939 778 2007 ventri
794 1962 955 2008 somnum
978 1942 1144 2011 fabulosis
1163 1942 1353 2034 impediant

287 2063 480 2156 colloquiis.
497 2065 687 2134 -Verum
714 2063 851 2154 generis
874 2065 981 2133 vestri
1003 2065 1165 2136 nobilitas
1190 2067 1351 2138 immodi-

287 2212 363 2259 cam
377 2188 514 2257 laudem
533 2186 631 2256 vobis
647 2187 803 2277 parturit.
821 2227 866 2239 -
878 2188 1047 2259 Nobilitas
1063 2201 1183 2260 nostra
1200 2192 1291 2280 cogit
1312 2200 1386 2270 ut.

283 2317 431 2387 velimus
460 2313 611 2382 nolimus
637 2313 744 2382 vitam
769 2323 923 2382 nostram
947 2338 1160 2405 exponamus
1187 2317 1348 2408 periculis

285 2463 360 2532 quae
376 2461 476 2527 reges
491 2438 646 2506 delirant.
663 2439 767 2506 -At
783 2461 891 2528 quum
905 2439 988 2507 estis
1012 2439 1049 2508 in
1065 2441 1144 2509 aula
1165 2441 1224 2510 illa
1250 2441 1348 2530 regia

283 2575 317 2635 et
341 2563 489 2656 populus
502 2562 597 2632 videt
611 2585 673 2631 vos
702 2561 876 2646 sericatos,
903 2564 1095 2652 paludatos,
1123 2573 1344 2655 purpuratos,

282 2688 428 2780 gemmis
444 2697 582 2755 ornatos
603 2695 636 2754 et
661 2686 848 2769 monilibus
869 2688 1012 2778 suspicit
1028 2698 1062 2758 et
1084 2700 1282 2759 veneratur.
1303 2728 1347 2744 -

280 2814 367 2882 Cum
378 2834 497 2880 sumus
507 2811 543 2880 in
558 2811 655 2902 pagis
673 2812 812 2894 nostris,
832 2835 945 2882 aureae
959 2823 1073 2882 vestes
1088 2823 1344 2884 commutantur

279 2939 315 3007 in
334 2937 500 3028 paenulas,
519 2945 697 3025 gemmatae
712 2936 830 3026 caligae
849 2936 886 3005 in
901 2959 1032 3021 soccos,
1049 2945 1083 3006 et
1098 2938 1126 3005 si
1141 2939 1340 3029 praeccdens

278 3063 399 3133 aulicae
411 3062 490 3130 vitae
506 3061 643 3129 luxuria
657 3060 868 3151 opulentiam
889 3071 1043 3130 nostram
1065 3062 1203 3153 penitus
1223 3063 1342 3131 absor-

277 3187 403 3271 buerit,
419 3185 591 3277 subjectos
606 3185 773 3269 radimus,
790 3193 1035 3276 extorquemus
1061 3185 1229 3278 quidquid
1257 3209 1341 3277 pos-

276 3335 410 3382 sumus.
427 3310 667 3381 Convertimus
687 3311 803 3380 omnia
815 3333 893 3380 cum
908 3310 1113 3402 pulvisculo.
1129 3351 1176 3364 -
1193 3312 1231 3382 Si
1257 3313 1339 3382 sub-

275 3437 352 3508 ditis
381 3437 469 3506 desit
496 3437 663 3527 pecunia?
677 3476 720 3488 -
734 3437 987 3528 Extorquemus
1007 3437 1166 3527 gallinas,
1201 3447 1333 3524 tauros,

274 3563 397 3632 arietes
430 3572 465 3630 et
489 3559 653 3652 quicquid
682 3560 829 3651 agrestis
859 3583 949 3648 gazas
978 3562 1208 3652 comperimus
1225 3583 1339 3655 :prse-
1376 3548 1379 3556 ¹

155 3720 157 3725 ·
273 3686 459 3780 gnantibus
488 3686 663 3757 interdum
685 3708 900 3777 paganorum
922 3685 1135 3755 mulierculis
1149 3685 1337 3757 auferimus

272 3815 400 3883 lectum
415 3824 448 3882 et
469 3814 657 3897 culcitram,
681 3821 716 3881 et
729 3813 843 3882 solum
870 3820 1021 3881 stramen
1034 3813 1276 3905 relinquimus.
1293 3853 1338 3866 —

272 3938 342 4008 Sed
353 3939 435 4008 dant
453 3938 592 4008 interim
605 3937 776 4032 principes
798 3961 859 4030 per
881 3939 1015 4006 luxum.
1041 3936 1336 4030 -Frequentius

270 4063 426 4155 pervim
459 4071 677 4156 extorquent.
702 4064 902 4155 Propterea,
929 4063 1095 4148 Fortuna,
1114 4063 1143 4131 si
1165 4063 1218 4134 vis
1245 4061 1334 4133 mihi

270 4187 465 4279 gratificari,
483 4187 576 4280 eripe
590 4210 645 4257 me
660 4186 715 4256 his
736 4186 898 4257 miseriis.
917 4225 962 4240 —
981 4187 1062 4258 Non
1086 4185 1249 4259 constitui
1268 4185 1331 4259 tibi

270 4314 434 4407 quicquid
458 4313 553 4386 aliud
580 4313 710 4405 largiri.
725 4349 771 4370 -
785 4311 883 4388 Vada
913 4331 1008 4406 ergo,
1028 4331 1110 4386 nam
1127 4323 1258 4386 certum
1277 4315 1330 4385 est
