3142 5066
720 501 899 569 -m-
983 579 986 585 ,

275 674 429 745 ordinate
446 670 672 752 miscuerunt,
692 667 794 760 idque
812 667 982 751 consulto,
1003 689 1082 737 mea
1104 669 1243 760 quidem
1267 692 1341 741 sen-

168 820 172 838 ¹
274 798 393 884 tentia,
413 797 494 866 licet
520 796 657 886 culpam
681 793 931 884 chalcographo
949 793 1143 863 tribuerint.
1172 796 1342 867 Praeterea

277 925 364 1016 (rem
378 921 520 1012 majoris
535 919 715 1011 momenti)
732 918 917 988 comoedias
936 918 973 986 in
990 940 1074 1010 quas
1092 919 1241 988 maxime
1259 922 1343 990 Tex-

274 1046 359 1119 toris
376 1045 551 1116 satiricum
565 1043 746 1134 ingenium
762 1064 798 1110 se
824 1042 991 1111 effuderat
1009 1066 1081 1111 non
1101 1043 1341 1116 dubitaverunt

275 1178 412 1247 demere
431 1201 447 1236 «
462 1173 566 1263 longe
587 1174 720 1263 maj0ra
736 1169 891 1239 Textoris
907 1177 940 1238 et
959 1177 1087 1239 temere
1102 1194 1173 1240 non
1189 1195 1341 1242 commu-

275 1303 422 1373 nicanda
436 1329 451 1364 n
472 1299 536 1368 sihi
555 1320 630 1366 esse
651 1297 813 1366 dicentes.
834 1297 1023 1388 «Scripsit,
1044 1296 1219 1389 inquiunt,
1236 1299 1340 1369 Ravi-

275 1431 346 1498 sius
359 1428 446 1497 belle
463 1434 496 1494 et
511 1426 608 1495 docte
625 1445 728 1514 quam
740 1421 888 1513 plurima
898 1421 938 1488 'in
950 1422 1015 1490 hoc
1031 1444 1170 1513 genere,
1189 1423 1249 1492 sed
1264 1445 1340 1515 quae

274 1575 387 1645 neque
407 1549 554 1621 audierit
582 1548 766 1639 quisquam
784 1544 902 1630 libere,
935 1567 1049 1637 neque
1075 1545 1111 1613 in
1137 1554 1211 1617 tuto
1227 1549 1341 1638 legere

273 1678 394 1771 possit,
424 1699 485 1767 per
510 1682 704 1765 temporum
732 1671 974 1762 impietatem:
1002 1671 1088 1740 adeo
1117 1672 1269 1742 multum
1291 1683 1343 1743 est

275 1802 456 1894 negligens
482 1809 516 1868 et
536 1799 652 1868 verius
668 1798 798 1866 irritata
825 1797 862 1865 in
882 1795 969 1865 hene
997 1797 1168 1868 audiendo
1191 1822 1341 1890 praesen·

274 1929 364 1997 tium
389 1925 573 1995 hominum
592 1905 753 1993 conditio.
774 1924 993 2015 »Nunquam
1014 1932 1134 2013 postea
1166 1925 1202 1993 in
1228 1926 1342 1996 lucem

274 2053 479 2145 prodierunt
499 2050 635 2120 omissae
660 2053 734 2117 tum
759 2048 843 2117 tales
871 2043 997 2133 satirae,
1027 2074 1174 2142 quarum
1198 2035 1342 2121 minima

277 2201 354 2269 spes
370 2178 504 2246 estfore
526 2183 563 2244 ut
578 2196 732 2266 unquam
745 2173 936 2266 reperiatur
951 2176 1159 2265 exemplum.

341 2304 441 2373 Nunc
469 2300 511 2370 de
543 2295 598 2367 his
632 2297 819 2367 editoribus
850 2297 893 2389 (si
917 2307 1087 2390 quaeratur
1116 2300 1175 2391 qui
1204 2299 1341 2368 tandem

275 2426 429 2518 fuerint),
459 2425 635 2494 fatendum
666 2446 740 2492 rem
768 2445 788 2492 a
815 2423 915 2493 nohis
945 2448 1015 2494 non
1044 2433 1152 2494 totam
1188 2423 1340 2514 expediri

275 2553 440 2646 potuisse.
469 2552 623 2635 Quatuor
644 2548 709 2619 viri
741 2551 873 2620 edendo
901 2550 1070 2619 volumini
1093 2551 1338 2620 interfuerunt.

276 2680 432 2762 Quorum
446 2697 537 2745 unus
564 2675 677 2766 gravis
691 2675 727 2742 in
741 2698 778 2743 re
799 2683 833 2743 et
854 2676 989 2766 amplus
1017 2676 1135 2760 homo,
1161 2675 1339 2745 recondita

274 2801 404 2870 Revisii
418 2800 578 2869 liberiora
593 2799 717 2890 scripta
739 2799 832 2869 domi
847 2820 919 2868 suae
939 2807 1063 2884 servat,
1079 2801 1205 2870 horum
1222 2808 1339 2868 tamen

274 2927 477 3020 participem
490 2928 643 2995 facturus
654 2926 876 2995 Maecenatem
890 2926 927 2994 in
942 2929 1040 3018 cujus
1060 2927 1200 2997 nomine
1223 2929 1341 3019 vulga·

275 3061 332 3121 tur
352 3050 448 3119 liber.
480 3052 576 3121 Idem
603 3074 696 3142 «per
721 3051 831 3121 otium
858 3059 1028 3120 sarturam
1055 3053 1157 3122 faciet
1186 3053 1342 3123 omnium

277 3178 493 3266 dialogorum
513 3175 683 3259 Textoris‚
709 3176 751 3245 ad
778 3199 853 3245 rem
878 3175 920 3244 ah
940 3185 1078 3246 auctore
1106 3177 1200 3246 velut
1229 3179 1341 3246 haeres

275 3300 429 3384 relictus,
457 3303 600 3392 ejusque
622 3323 727 3392 opera
750 3301 813 3370 suh
837 3309 991 3370 aestatem
1009 3301 1146 3393 publica
1171 3304 1253 3370 fient
1280 3326 1342 3373 sua

277 3425 364 3494 serie
396 3448 471 3516 quae
498 3448 591 3494 nuno
620 3434 783 3518 apparent
811 3426 878 3495 alia
908 3427 984 3495 aliis
1017 3427 1191 3518 implicita.
1209 3456 1225 3491 »
1248 3429 1343 3498 Nihil

276 3558 392 3619 tamen
419 3551 493 3642 ipse
510 3552 596 3631 talis
625 3552 843 3620 Aristarchus
874 3553 910 3620 in
938 3553 1025 3622 libro
1054 3554 1189 3645 scripsit
1218 3561 1342 3645 praeter

275 3674 477 3744 hexasticon
506 3677 549 3746 ad
566 3698 785 3745 communem
812 3677 1047 3746 Maecenatem.
1080 3677 1228 3766 Collega
1263 3700 1342 3746 eum

275 3797 419 3868 laudant
454 3807 493 3867 ut
519 3828 535 3864 ι(
561 3800 773 3870 eruditorum
796 3800 978 3871 hominum
1006 3801 1339 3892 eloquentissimum,

278 3922 584 4015 eloquentiumque
613 3925 924 3994 eruditissimum»
955 3924 1211 4016 Henrioumque
1236 3925 1343 3994 Labe-

276 4047 369 4117 rium
381 4056 516 4118 vocant.
535 4048 642 4141 Cujus
667 4049 803 4118 Laberii
826 4050 973 4140 vestigia
988 4050 1047 4119 diu
1062 4051 1190 4119 frustra
1205 4048 1344 4141 conqui-

279 4171 435 4242 sivimus.
451 4174 482 4242 A
500 4174 642 4265 collegis
658 4184 695 4242 ut
716 4173 960 4244 comoediarum
986 4182 1104 4244 auctor
1124 4183 1342 4265 nuncupatus

278 4299 383 4390 inque
418 4301 546 4372 alienas
581 4302 766 4373 comoedias
798 4303 963 4387 intentus,
993 4302 1093 4373 nobis
1119 4302 1255 4372 Laberii
1283 4301 1342 4392 qui
