3142 5066
716 467 909 538 -3l-‘

272 640 398 708 bantur
422 635 557 720 fabula,
581 657 713 705 sacram
730 635 849 705 haberi
874 637 1088 722 concionem,
1111 661 1179 729 qua
1201 651 1339 731 peracta

274 764 364 834 ludis
389 784 493 853 opera
517 760 673 832 dabatur.
695 761 767 829 Tali
792 763 1041 832 consuetudine
1066 765 1214 854 quodam
1234 768 1337 837 modo

274 897 401 959 nostrae
414 887 604 956 miscentur
618 886 794 956 comoediae
819 910 897 956 curn
920 891 1085 956 Mirccnlis
1109 911 1197 980 qua,
1218 899 1256 958 ut
1276 891 1338 960 sci-

274 1025 342 1100 tur,
377 1015 465 1083 festo
493 1012 547 1083 dic
576 1012 723 1104 alicujus
740 1013 847 1081 Sancti
870 1014 998 1105 populo
1021 1015 1122 1102 grati,
1149 1017 1337 1106 eademque

273 1151 351 1235 post
372 1163 467 1209 sacra
480 1147 525 1223 et,
542 1138 571 1206 si
585 1161 659 1207 rem
674 1160 694 1206 a
708 1137 874 1230 principio
889 1148 1036 1230 repetas,
1046 1139 1159 1210 latino
1179 1163 1337 1210 sermone

274 1265 536 1337 inducebantur.

342 1395 431 1464 Sunt
445 1401 561 1462 autem
575 1391 665 1461 inter
675 1391 869 1462 duodecimi
881 1393 999 1462 saeculi
1010 1395 1169 1463 Mirccolu
1184 1395 1339 1485 quaedam

278 1544 353 1613 quae
367 1519 453 1588 mihi
473 1519 633 1589 videntur
652 1517 936 1588 scholasticorum
951 1519 1062 1608 gratia
1079 1520 1203 1611 scripta
1218 1521 1336 1605 fuisse,

277 1667 398 1714 eorum
411 1643 564 1728 titulum,
579 1630 771 1728 materiam,
789 1666 840 1727 ac,
868 1666 975 1734 quum
997 1643 1089 1728 licet,
1111 1653 1268 1714 auctores
1286 1646 1339 1714 lo-

276 1791 423 1859 cumque
434 1767 471 1835 in
481 1791 548 1858 qno
563 1776 638 1835 acta
654 1767 949 1858 suntrespicienti.
965 1769 1011 1835 At
1027 1769 1119 1837 enim
1127 1770 1222 1839 nullo
1232 1771 1336 1841 modo

273 1892 328 1961 his
363 1890 574 1983 temporibus
600 1891 801 1982 parisiensis
829 1889 1015 1961 Academia
1045 1893 1209 1962 exstabat.
1240 1894 1338 1962 Nova

274 2017 379 2106 igitur
406 2017 450 2087 ad
478 2016 629 2106 origines
652 2016 815 2085 tentanda
844 2025 896 2084 est
921 2018 1138 2108 progressi03
1173 2042 1266 2087 nunc
1296 2042 1338 2087 ex

276 2144 465 2236 gymnasiis
489 2145 532 2214 ad
556 2143 845 2213 monasteriorum
869 2144 1003 2213 scholas
1027 2145 1277 2215 transeundum
1300 2144 1336 2211 in

276 2270 399 2363 quibus
410 2273 483 2363 jam
499 2271 568 2339 ΒΒ.
584 2271 746 2340 Nicolaus
762 2279 796 2338 et
811 2269 995 2339 Catharina
1012 2269 1200 2361 disciplinis
1220 2270 1334 2339 favere
1417 2323 1419 2326 .

273 2397 496 2490 perhibentur
515 2396 728 2488 scenicisque
743 2396 930 2492 laudantur
942 2395 1047 2465 ludis,

341 2522 441 2605 Quod
463 2531 644 2606 testantur,
661 2532 700 2590 ut
724 2522 845 2591 Hilarii
870 2530 1045 2591 taceamus
1060 2522 1172 2605 ludos,
1196 2522 1338 2591 Gallicis

276 2645 455 2715 cantilenis
476 2647 663 2736 permixtos
684 2647 766 2715 etsi
791 2647 907 2715 minus
931 2647 967 2715 in
992 2669 1095 2715 usum
1116 2646 1338 2716 scholastico-

275 2795 354 2841 rum
369 2772 490 2841 saltem
505 2796 525 2841 a
540 2773 744 2842 scholastico
762 2773 870 2842 factos
882 2773 907 2858 ¹,
933 2773 1036 2864 quod,
1054 2773 1207 2864 inquam,
1227 2773 1337 2863 primo

275 2907 446 2967 testantur
466 2905 613 2990 quatuor
627 2900 667 2968 Β.
692 2900 826 2969 Nicolai
844 2902 1014 2982 Miscenda,
1045 2899 1187 2968 ineunte
1207 2899 1337 2968 duode-

277 3024 365 3093 cimo
390 3024 513 3094 saeculo
540 3025 695 3115 scripta².
719 3026 875 3109 Quorum
901 3025 1091 3094 secundum
1116 3025 1337 3094 scholasticos

275 3149 433 3240 producit
447 3149 536 3217 inter
548 3171 726 3240 personas,
740 3241 742 3244 Ι

473 3331 539 3407 Nos
555 3363 631 3424 quos
648 3363 741 3407 causa
757 3345 897 3407 discendi
910 3347 1034 3409 litteras

475 3454 567 3532 Apud
582 3459 692 3530 gentes
705 3455 879 3514 transmisit
892 3461 1029 3530 exteras,

479 3561 559 3620 Dum
570 3562 617 3621 sol
631 3562 730 3620 adhuc
747 3562 889 3622 extendit
907 3563 1029 3622 radium

478 3669 701 3746 Perquiramus
716 3670 807 3730 nobis
820 3670 1028 3747 hospitium...

477 3811 516 3824 -
529 3777 696 3838 Accedatis
712 3777 871 3839 scholares
886 3778 994 3856 igitur,
1011 3785 1074 3842 etc.

332 3983 357 4038 l.
378 3983 485 4041 Hilarii
498 3999 591 4040 corsus
605 3991 630 4040 ct
644 3984 712 4048 lacti,
726 3984 882 4050 Teehener,
897 3980 976 4048 1838,
992 3984 1023 4037 in
1034 3983 1074 4042 8⁰.

332 4081 359 4136 2.
380 4083 412 4136 ln
428 4084 544 4138 abbatia
555 4083 653 4138 Sancti
664 4084 813 4139 Benedicti
827 4083 861 4138 ad
873 4084 1001 4152 Ligerim
1014 4088 1138 4154 reperta,
1150 4088 1250 4155 atquae
1261 4081 1337 4154 typis

279 4180 364 4234 multi
378 4181 596 4246 mandaverunt,
610 4183 770 4253 praesertim
794 4181 928 4237 Merilius
952 4189 980 4238 et
1001 4180 1210 4237 Coussemaker
1230 4181 1338 4236 nostris

278 4271 466 4342 temporibus.
