<?xml version="1.0" encoding="UTF-8"?>
<!DOCTYPE html PUBLIC "-//W3C//DTD XHTML 1.0 Transitional//EN"
    "http://www.w3.org/TR/xhtml1/DTD/xhtml1-transitional.dtd">
<html xmlns="http://www.w3.org/1999/xhtml" xml:lang="en" lang="en">
 <head>
  <title>
</title>
<meta http-equiv="Content-Type" content="text/html;charset=utf-8" />
  <meta name='ocr-system' content='tesseract 3.04.00' />
  <meta name='ocr-capabilities' content='ocr_page ocr_carea ocr_par ocr_line ocrx_word'/>
</head>
<body>
  <div class='ocr_page' id='page_1' title='image "./deravisiitextor00massgoog_0067.png"; bbox 0 0 3142 5066; ppageno 0'>
   <div class='ocr_carea' id='block_1_1' title="bbox 746 483 925 569">
    <p class='ocr_par' dir='ltr' id='par_1_1' title="bbox 746 483 925 569">
     <span class='ocr_line' id='line_1_1' title="bbox 746 483 925 569; baseline -0.022 -14"><span class='ocrx_word' id='word_1_1' title='bbox 746 483 925 569; x_wconf 61' lang='grc' dir='ltr'>...ὅθ-ι</span> 
     </span>
    </p>
   </div>
   <div class='ocr_carea' id='block_1_2' title="bbox 298 647 1374 2372">
    <p class='ocr_par' dir='ltr' id='par_1_2' title="bbox 298 647 1374 2372">
     <span class='ocr_line' id='line_1_2' title="bbox 302 647 1362 756; baseline 0 -22"><span class='ocrx_word' id='word_1_2' title='bbox 302 653 439 756; x_wconf 76' lang='lat' dir='ltr'><strong>quando</strong></span> <span class='ocrx_word' id='word_1_3' title='bbox 466 650 667 731; x_wconf 74' lang='lat' dir='ltr'><strong>meminisse</strong></span> <span class='ocrx_word' id='word_1_4' title='bbox 695 659 864 746; x_wconf 86' lang='lat' dir='ltr'><strong>videatur,</strong></span> <span class='ocrx_word' id='word_1_5' title='bbox 885 655 972 729; x_wconf 89' lang='lat' dir='ltr'>nihil</span> <span class='ocrx_word' id='word_1_6' title='bbox 1002 664 1118 730; x_wconf 83' lang='lat' dir='ltr'><strong>tamen</strong></span> <span class='ocrx_word' id='word_1_7' title='bbox 1145 648 1188 732; x_wconf 90' lang='lat' dir='ltr'><strong>ad</strong></span> <span class='ocrx_word' id='word_1_8' title='bbox 1219 647 1362 734; x_wconf 71' lang='lat' dir='ltr'><strong>veritum</strong></span> 
     </span>
     <span class='ocr_line' id='line_1_3' title="bbox 300 784 1374 877; baseline 0.001 -21"><span class='ocrx_word' id='word_1_9' title='bbox 300 785 486 872; x_wconf 78' lang='lat' dir='ltr'><strong>transtulit,</strong></span> <span class='ocrx_word' id='word_1_10' title='bbox 505 785 565 855; x_wconf 89' lang='lat' dir='ltr'><strong>sed</strong></span> <span class='ocrx_word' id='word_1_11' title='bbox 578 793 661 875; x_wconf 64' lang='lat' dir='ltr'><strong>{quae</strong></span> <span class='ocrx_word' id='word_1_12' title='bbox 691 784 727 852; x_wconf 90' lang='lat' dir='ltr'><strong>iu</strong></span> <span class='ocrx_word' id='word_1_13' title='bbox 746 784 860 854; x_wconf 90' lang='lat' dir='ltr'><strong>medio</strong></span> <span class='ocrx_word' id='word_1_14' title='bbox 874 784 1069 877; x_wconf 89' lang='lat' dir='ltr'><strong>puhlioique</strong></span> <span class='ocrx_word' id='word_1_15' title='bbox 1080 785 1169 876; x_wconf 85' lang='lat' dir='ltr'><strong>juris</strong></span> <span class='ocrx_word' id='word_1_16' title='bbox 1198 798 1306 874; x_wconf 87' lang='lat' dir='ltr'><strong>erant,</strong></span> <span class='ocrx_word' id='word_1_17' title='bbox 1323 798 1374 857; x_wconf 90' lang='lat' dir='ltr'><strong>ut-</strong></span> 
     </span>
     <span class='ocr_line' id='line_1_4' title="bbox 302 909 1362 1004; baseline -0.001 -22"><span class='ocrx_word' id='word_1_18' title='bbox 302 911 416 1004; x_wconf 89' lang='lat' dir='ltr'><strong>angeli</strong></span> <span class='ocrx_word' id='word_1_19' title='bbox 432 909 664 1000; x_wconf 84' lang='lat' dir='ltr'><strong>daemonisque</strong></span> <span class='ocrx_word' id='word_1_20' title='bbox 680 917 863 994; x_wconf 87' lang='lat' dir='ltr'><strong>certamen,</strong></span> <span class='ocrx_word' id='word_1_21' title='bbox 881 931 937 977; x_wconf 89' lang='lat' dir='ltr'><strong>res</strong></span> <span class='ocrx_word' id='word_1_22' title='bbox 951 909 1074 1001; x_wconf 83' lang='lat' dir='ltr'><strong>saepius</strong></span> <span class='ocrx_word' id='word_1_23' title='bbox 1089 932 1110 979; x_wconf 89' lang='lat' dir='ltr'><strong>a</strong></span> <span class='ocrx_word' id='word_1_24' title='bbox 1124 910 1230 979; x_wconf 88' lang='lat' dir='ltr'><strong>Gallis</strong></span> <span class='ocrx_word' id='word_1_25' title='bbox 1248 920 1362 982; x_wconf 88' lang='lat' dir='ltr'><strong>auoto-</strong></span> 
     </span>
     <span class='ocr_line' id='line_1_5' title="bbox 300 1035 1361 1125; baseline -0.003 -19"><span class='ocrx_word' id='word_1_26' title='bbox 300 1038 395 1106; x_wconf 90' lang='lat' dir='ltr'><strong>rihus</strong></span> <span class='ocrx_word' id='word_1_27' title='bbox 424 1046 506 1104; x_wconf 90' lang='lat' dir='ltr'><strong>tune</strong></span> <span class='ocrx_word' id='word_1_28' title='bbox 530 1042 725 1114; x_wconf 85' lang='lat' dir='ltr'><strong>attrectatas</strong></span> <span class='ocrx_word' id='word_1_29' title='bbox 746 1042 848 1125; x_wconf 88' lang='lat' dir='ltr'><strong>atque</strong></span> <span class='ocrx_word' id='word_1_30' title='bbox 874 1056 935 1124; x_wconf 91' lang='lat' dir='ltr'><strong>per</strong></span> <span class='ocrx_word' id='word_1_31' title='bbox 953 1056 1077 1102; x_wconf 89' lang='lat' dir='ltr'><strong>manus</strong></span> <span class='ocrx_word' id='word_1_32' title='bbox 1106 1043 1144 1103; x_wconf 90' lang='lat' dir='ltr'><strong>ut</strong></span> <span class='ocrx_word' id='word_1_33' title='bbox 1173 1035 1222 1105; x_wconf 89' lang='lat' dir='ltr'><strong>ita</strong></span> <span class='ocrx_word' id='word_1_34' title='bbox 1250 1036 1361 1105; x_wconf 88' lang='lat' dir='ltr'><strong>dicam</strong></span> 
     </span>
     <span class='ocr_line' id='line_1_6' title="bbox 300 1157 1360 1250; baseline -0.001 -22"><span class='ocrx_word' id='word_1_35' title='bbox 300 1160 496 1244; x_wconf 86' lang='lat' dir='ltr'><strong>transditas‚</strong></span> <span class='ocrx_word' id='word_1_36' title='bbox 517 1159 590 1250; x_wconf 90' lang='lat' dir='ltr'><strong>ipse</strong></span> <span class='ocrx_word' id='word_1_37' title='bbox 608 1157 672 1226; x_wconf 90' lang='lat' dir='ltr'><strong>sibi</strong></span> <span class='ocrx_word' id='word_1_38' title='bbox 696 1157 771 1250; x_wconf 89' lang='lat' dir='ltr'><strong>pari</strong></span> <span class='ocrx_word' id='word_1_39' title='bbox 797 1157 997 1227; x_wconf 86' lang='lat' dir='ltr'><strong>auctoritate</strong></span> <span class='ocrx_word' id='word_1_40' title='bbox 1019 1158 1216 1229; x_wconf 78' lang='lat' dir='ltr'><strong>vindicavit.</strong></span> <span class='ocrx_word' id='word_1_41' title='bbox 1244 1159 1360 1228; x_wconf 88' lang='lat' dir='ltr'><strong>Tradi-</strong></span> 
     </span>
     <span class='ocr_line' id='line_1_7' title="bbox 301 1285 1359 1379; baseline -0.003 -22"><span class='ocrx_word' id='word_1_42' title='bbox 301 1297 375 1357; x_wconf 93' lang='lat' dir='ltr'><strong>tum</strong></span> <span class='ocrx_word' id='word_1_43' title='bbox 398 1286 604 1379; x_wconf 72' lang='lat' dir='ltr'><strong>aptioribus</strong></span> <span class='ocrx_word' id='word_1_44' title='bbox 627 1285 663 1354; x_wconf 91' lang='lat' dir='ltr'><strong>in</strong></span> <span class='ocrx_word' id='word_1_45' title='bbox 684 1286 836 1355; x_wconf 87' lang='lat' dir='ltr'><strong>Navarra</strong></span> <span class='ocrx_word' id='word_1_46' title='bbox 858 1308 991 1354; x_wconf 90' lang='lat' dir='ltr'><strong>morem</strong></span> <span class='ocrx_word' id='word_1_47' title='bbox 1013 1285 1192 1371; x_wconf 89' lang='lat' dir='ltr'><strong>tuebatur;</strong></span> <span class='ocrx_word' id='word_1_48' title='bbox 1217 1289 1359 1378; x_wconf 87' lang='lat' dir='ltr'><strong>ejusque</strong></span> 
     </span>
     <span class='ocr_line' id='line_1_8' title="bbox 301 1410 1361 1502; baseline -0.004 -20"><span class='ocrx_word' id='word_1_49' title='bbox 301 1414 466 1496; x_wconf 81' lang='lat' dir='ltr'><strong>dramata,</strong></span> <span class='ocrx_word' id='word_1_50' title='bbox 482 1413 587 1500; x_wconf 92' lang='lat' dir='ltr'><strong>longo</strong></span> <span class='ocrx_word' id='word_1_51' title='bbox 602 1411 733 1495; x_wconf 88' lang='lat' dir='ltr'><strong>ordine,</strong></span> <span class='ocrx_word' id='word_1_52' title='bbox 748 1411 829 1479; x_wconf 91' lang='lat' dir='ltr'><strong>olim</strong></span> <span class='ocrx_word' id='word_1_53' title='bbox 849 1410 932 1479; x_wconf 86' lang='lat' dir='ltr'><strong>actis</strong></span> <span class='ocrx_word' id='word_1_54' title='bbox 950 1433 1033 1502; x_wconf 87' lang='lat' dir='ltr'><strong>quas</strong></span> <span class='ocrx_word' id='word_1_55' title='bbox 1054 1413 1127 1502; x_wconf 82' lang='lat' dir='ltr'><strong>jam</strong></span> <span class='ocrx_word' id='word_1_56' title='bbox 1152 1433 1361 1480; x_wconf 91' lang='lat' dir='ltr'><strong>commemo-</strong></span> 
     </span>
     <span class='ocr_line' id='line_1_9' title="bbox 300 1535 1364 1627; baseline -0.002 -21"><span class='ocrx_word' id='word_1_57' title='bbox 300 1537 453 1606; x_wconf 86' lang='lat' dir='ltr'><strong>ravimus</strong></span> <span class='ocrx_word' id='word_1_58' title='bbox 484 1536 520 1604; x_wconf 90' lang='lat' dir='ltr'><strong>in</strong></span> <span class='ocrx_word' id='word_1_59' title='bbox 551 1535 617 1604; x_wconf 89' lang='lat' dir='ltr'><strong>hoe</strong></span> <span class='ocrx_word' id='word_1_60' title='bbox 645 1535 826 1627; x_wconf 82' lang='lat' dir='ltr'><strong>gymnasio</strong></span> <span class='ocrx_word' id='word_1_61' title='bbox 857 1539 1088 1603; x_wconf 54' lang='lat' dir='ltr'><strong>illorolitotilus</strong></span> <span class='ocrx_word' id='word_1_62' title='bbox 1121 1536 1364 1626; x_wconf 83' lang='lat' dir='ltr'><strong>conjungenda</strong></span> 
     </span>
     <span class='ocr_line' id='line_1_10' title="bbox 302 1658 1362 1749; baseline -0.001 -22"><span class='ocrx_word' id='word_1_63' title='bbox 302 1669 395 1728; x_wconf 89' lang='lat' dir='ltr'><strong>sunt.</strong></span> <span class='ocrx_word' id='word_1_64' title='bbox 417 1660 589 1742; x_wconf 70' lang='lat' dir='ltr'><strong>Caeterum</strong></span> <span class='ocrx_word' id='word_1_65' title='bbox 609 1659 749 1749; x_wconf 83' lang='lat' dir='ltr'><strong>quidex</strong></span> <span class='ocrx_word' id='word_1_66' title='bbox 765 1658 896 1748; x_wconf 83' lang='lat' dir='ltr'><strong>gallicis</strong></span> <span class='ocrx_word' id='word_1_67' title='bbox 914 1659 1032 1742; x_wconf 87' lang='lat' dir='ltr'><strong>latina,</strong></span> <span class='ocrx_word' id='word_1_68' title='bbox 1049 1682 1185 1728; x_wconf 83' lang='lat' dir='ltr'>necnon</span> <span class='ocrx_word' id='word_1_69' title='bbox 1209 1682 1226 1726; x_wconf 92' lang='lat' dir='ltr'><strong>e</strong></span> <span class='ocrx_word' id='word_1_70' title='bbox 1246 1659 1362 1727; x_wconf 87' lang='lat' dir='ltr'><strong>latinis</strong></span> 
     </span>
     <span class='ocr_line' id='line_1_11' title="bbox 300 1782 1361 1875; baseline 0 -24"><span class='ocrx_word' id='word_1_71' title='bbox 300 1783 423 1874; x_wconf 88' lang='lat' dir='ltr'><strong>gallica</strong></span> <span class='ocrx_word' id='word_1_72' title='bbox 445 1806 506 1874; x_wconf 90' lang='lat' dir='ltr'><strong>per</strong></span> <span class='ocrx_word' id='word_1_73' title='bbox 533 1782 568 1852; x_wconf 93' lang='lat' dir='ltr'><strong>id</strong></span> <span class='ocrx_word' id='word_1_74' title='bbox 590 1782 755 1875; x_wconf 90' lang='lat' dir='ltr'><strong>temporis</strong></span> <span class='ocrx_word' id='word_1_75' title='bbox 780 1782 1022 1874; x_wconf 24' lang='lat' dir='ltr'><strong>mutuatagsint</strong></span> <span class='ocrx_word' id='word_1_76' title='bbox 1040 1782 1176 1852; x_wconf 87' lang='lat' dir='ltr'><strong>difficile</strong></span> <span class='ocrx_word' id='word_1_77' title='bbox 1191 1793 1282 1852; x_wconf 91' lang='lat' dir='ltr'><strong>esset</strong></span> <span class='ocrx_word' id='word_1_78' title='bbox 1308 1783 1361 1852; x_wconf 92' lang='lat' dir='ltr'><strong>di-</strong></span> 
     </span>
     <span class='ocr_line' id='line_1_12' title="bbox 301 1905 1362 1998; baseline -0.001 -23"><span class='ocrx_word' id='word_1_79' title='bbox 301 1906 403 1975; x_wconf 67' lang='lat' dir='ltr'><strong>cerel.</strong></span> <span class='ocrx_word' id='word_1_80' title='bbox 422 1907 654 1998; x_wconf 79' lang='lat' dir='ltr'><strong>Quaecumque</strong></span> <span class='ocrx_word' id='word_1_81' title='bbox 670 1915 787 1975; x_wconf 87' lang='lat' dir='ltr'><strong>autem</strong></span> <span class='ocrx_word' id='word_1_82' title='bbox 798 1905 958 1975; x_wconf 89' lang='lat' dir='ltr'><strong>Ravisius</strong></span> <span class='ocrx_word' id='word_1_83' title='bbox 973 1914 1032 1976; x_wconf 87' lang='lat' dir='ltr'><strong>aut</strong></span> <span class='ocrx_word' id='word_1_84' title='bbox 1047 1906 1291 1995; x_wconf 81' lang='lat' dir='ltr'><strong>excogitaverit</strong></span> <span class='ocrx_word' id='word_1_85' title='bbox 1303 1915 1362 1975; x_wconf 92' lang='lat' dir='ltr'><strong>aut</strong></span> 
     </span>
     <span class='ocr_line' id='line_1_13' title="bbox 300 2031 1361 2123; baseline 0 -23"><span class='ocrx_word' id='word_1_86' title='bbox 300 2055 342 2101; x_wconf 86' lang='lat' dir='ltr'><strong>ex</strong></span> <span class='ocrx_word' id='word_1_87' title='bbox 361 2032 535 2100; x_wconf 89' lang='lat' dir='ltr'><strong>communi</strong></span> <span class='ocrx_word' id='word_1_88' title='bbox 554 2033 649 2101; x_wconf 86' lang='lat' dir='ltr'><strong>fonte</strong></span> <span class='ocrx_word' id='word_1_89' title='bbox 667 2031 822 2100; x_wconf 80' lang='lat' dir='ltr'><strong>hauserit</strong></span> <span class='ocrx_word' id='word_1_90' title='bbox 840 2041 900 2100; x_wconf 90' lang='lat' dir='ltr'><strong>aut</strong></span> <span class='ocrx_word' id='word_1_91' title='bbox 923 2031 1061 2123; x_wconf 86' lang='lat' dir='ltr'><strong>quidem</strong></span> <span class='ocrx_word' id='word_1_92' title='bbox 1085 2032 1238 2102; x_wconf 86' lang='lat' dir='ltr'><strong>imitatus</strong></span> <span class='ocrx_word' id='word_1_93' title='bbox 1255 2033 1310 2117; x_wconf 91' lang='lat' dir='ltr'><strong>sit,</strong></span> <span class='ocrx_word' id='word_1_94' title='bbox 1327 2040 1361 2101; x_wconf 90' lang='lat' dir='ltr'><strong>at</strong></span> 
     </span>
     <span class='ocr_line' id='line_1_14' title="bbox 300 2157 1360 2250; baseline 0.001 -25"><span class='ocrx_word' id='word_1_95' title='bbox 300 2157 416 2226; x_wconf 89' lang='lat' dir='ltr'><strong>omnia</strong></span> <span class='ocrx_word' id='word_1_96' title='bbox 434 2157 541 2227; x_wconf 89' lang='lat' dir='ltr'><strong>libero</strong></span> <span class='ocrx_word' id='word_1_97' title='bbox 568 2157 700 2248; x_wconf 90' lang='lat' dir='ltr'><strong>impetu</strong></span> <span class='ocrx_word' id='word_1_98' title='bbox 725 2157 920 2248; x_wconf 83' lang='lat' dir='ltr'><strong>viridisque</strong></span> <span class='ocrx_word' id='word_1_99' title='bbox 947 2157 1061 2228; x_wconf 88' lang='lat' dir='ltr'><strong>verbis</strong></span> <span class='ocrx_word' id='word_1_100' title='bbox 1085 2158 1263 2250; x_wconf 86' lang='lat' dir='ltr'><strong>expressit,</strong></span> <span class='ocrx_word' id='word_1_101' title='bbox 1283 2181 1360 2227; x_wconf 88' lang='lat' dir='ltr'><strong>raro</strong></span> 
     </span>
     <span class='ocr_line' id='line_1_15' title="bbox 298 2265 1360 2372; baseline -0.002 -23"><span class='ocrx_word' id='word_1_102' title='bbox 298 2265 442 2372; x_wconf 85' lang='lat' dir='ltr'><strong>paganis</strong></span> <span class='ocrx_word' id='word_1_103' title='bbox 458 2281 656 2350; x_wconf 91' lang='lat' dir='ltr'><strong>nomini-hus</strong></span> <span class='ocrx_word' id='word_1_104' title='bbox 678 2303 836 2371; x_wconf 88' lang='lat' dir='ltr'><strong>respersa</strong></span> <span class='ocrx_word' id='word_1_105' title='bbox 854 2303 918 2348; x_wconf 88' lang='lat' dir='ltr'><strong>nec</strong></span> <span class='ocrx_word' id='word_1_106' title='bbox 938 2303 1092 2371; x_wconf 89' lang='lat' dir='ltr'><strong>unquam</strong></span> <span class='ocrx_word' id='word_1_107' title='bbox 1121 2280 1360 2350; x_wconf 80' lang='lat' dir='ltr'><strong>circuitionum</strong></span> 
     </span>
    </p>
   </div>
   <div class='ocr_carea' id='block_1_3' title="bbox 300 2382 1361 2498">
    <p class='ocr_par' dir='ltr' id='par_1_3' title="bbox 300 2382 1361 2498">
     <span class='ocr_line' id='line_1_16' title="bbox 300 2382 1361 2498; baseline 0.001 -25"><span class='ocrx_word' id='word_1_108' title='bbox 300 2382 478 2496; x_wconf 77' lang='lat' dir='ltr'><strong>elegantiis</strong></span> <span class='ocrx_word' id='word_1_109' title='bbox 500 2429 673 2498; x_wconf 89' lang='lat' dir='ltr'><strong>oppressa.</strong></span> <span class='ocrx_word' id='word_1_110' title='bbox 690 2407 829 2476; x_wconf 87' lang='lat' dir='ltr'><strong>Nullam</strong></span> <span class='ocrx_word' id='word_1_111' title='bbox 850 2407 880 2475; x_wconf 89' lang='lat' dir='ltr'><strong>ei</strong></span> <span class='ocrx_word' id='word_1_112' title='bbox 894 2407 1040 2496; x_wconf 91' lang='lat' dir='ltr'><strong>gloriam</strong></span> <span class='ocrx_word' id='word_1_113' title='bbox 1053 2415 1170 2498; x_wconf 88' lang='lat' dir='ltr'><strong>repeto</strong></span> <span class='ocrx_word' id='word_1_114' title='bbox 1186 2429 1193 2475; x_wconf 93' lang='lat'>:</span> <span class='ocrx_word' id='word_1_115' title='bbox 1210 2415 1361 2474; x_wconf 86' lang='lat' dir='ltr'><strong>attamen</strong></span> 
     </span>
    </p>
   </div>
   <div class='ocr_carea' id='block_1_4' title="bbox 295 2531 1410 3871">
    <p class='ocr_par' dir='ltr' id='par_1_4' title="bbox 295 2531 1410 3871">
     <span class='ocr_line' id='line_1_17' title="bbox 300 2531 1361 2624; baseline -0.002 -24"><span class='ocrx_word' id='word_1_116' title='bbox 300 2554 407 2623; x_wconf 92' lang='lat' dir='ltr'><strong>quum</strong></span> <span class='ocrx_word' id='word_1_117' title='bbox 436 2532 503 2618; x_wconf 69' lang='lat' dir='ltr'><strong>sin}</strong></span> <span class='ocrx_word' id='word_1_118' title='bbox 516 2531 632 2600; x_wconf 89' lang='lat' dir='ltr'><strong>minus</strong></span> <span class='ocrx_word' id='word_1_119' title='bbox 661 2535 749 2624; x_wconf 86' lang='lat' dir='ltr'><strong>ejus,</strong></span> <span class='ocrx_word' id='word_1_120' title='bbox 770 2533 900 2619; x_wconf 52' lang='lat' dir='ltr'><strong>{saltem</strong></span> <span class='ocrx_word' id='word_1_121' title='bbox 920 2532 1067 2601; x_wconf 86' lang='lat' dir='ltr'><strong>Gallicas</strong></span> <span class='ocrx_word' id='word_1_122' title='bbox 1087 2535 1282 2600; x_wconf 82' lang='lat' dir='ltr'><strong>llloralltates</strong></span> <span class='ocrx_word' id='word_1_123' title='bbox 1310 2531 1361 2599; x_wconf 91' lang='lat' dir='ltr'><strong>le-</strong></span> 
     </span>
     <span class='ocr_line' id='line_1_18' title="bbox 299 2645 1410 2747; baseline -0.001 -24"><span class='ocrx_word' id='word_1_124' title='bbox 299 2656 405 2745; x_wconf 88' lang='lat' dir='ltr'><strong>genti,</strong></span> <span class='ocrx_word' id='word_1_125' title='bbox 426 2655 541 2724; x_wconf 87' lang='lat' dir='ltr'><strong>veniat</strong></span> <span class='ocrx_word' id='word_1_126' title='bbox 556 2655 591 2723; x_wconf 91' lang='lat' dir='ltr'><strong>in</strong></span> <span class='ocrx_word' id='word_1_127' title='bbox 610 2665 761 2724; x_wconf 87' lang='lat' dir='ltr'><strong>mentem</strong></span> <span class='ocrx_word' id='word_1_128' title='bbox 778 2655 928 2724; x_wconf 91' lang='lat' dir='ltr'><strong>hominis</strong></span> <span class='ocrx_word' id='word_1_129' title='bbox 944 2655 1082 2747; x_wconf 92' lang='lat' dir='ltr'><strong>(quippe</strong></span> <span class='ocrx_word' id='word_1_130' title='bbox 1099 2655 1163 2722; x_wconf 91' lang='lat' dir='ltr'><strong>sihi</strong></span> <span class='ocrx_word' id='word_1_131' title='bbox 1178 2677 1305 2744; x_wconf 88' lang='lat' dir='ltr'><strong>magna</strong></span> <span class='ocrx_word' id='word_1_132' title='bbox 1319 2677 1361 2722; x_wconf 82' lang='lat' dir='ltr'><strong>ex</strong></span> <span class='ocrx_word' id='word_1_133' title='bbox 1408 2645 1410 2649; x_wconf 34' lang='lat'>⁸</span> 
     </span>
     <span class='ocr_line' id='line_1_19' title="bbox 297 2771 1360 2872; baseline -0.004 -23"><span class='ocrx_word' id='word_1_134' title='bbox 297 2790 393 2872; x_wconf 89' lang='lat' dir='ltr'><strong>parte</strong></span> <span class='ocrx_word' id='word_1_135' title='bbox 412 2771 607 2872; x_wconf 81' lang='lat' dir='ltr'><strong>incogniti)</strong></span> <span class='ocrx_word' id='word_1_136' title='bbox 638 2779 849 2871; x_wconf 86' lang='lat' dir='ltr'><strong>exquirenda</strong></span> <span class='ocrx_word' id='word_1_137' title='bbox 876 2788 1000 2871; x_wconf 86' lang='lat' dir='ltr'><strong>natura</strong></span> <span class='ocrx_word' id='word_1_138' title='bbox 1019 2788 1052 2846; x_wconf 91' lang='lat' dir='ltr'><strong>et</strong></span> <span class='ocrx_word' id='word_1_139' title='bbox 1077 2787 1169 2848; x_wconf 89' lang='lat' dir='ltr'><strong>sorte</strong></span> <span class='ocrx_word' id='word_1_140' title='bbox 1184 2800 1302 2846; x_wconf 91' lang='lat' dir='ltr'><strong>veram</strong></span> <span class='ocrx_word' id='word_1_141' title='bbox 1316 2776 1360 2846; x_wconf 92' lang='lat' dir='ltr'><strong>ali</strong></span> 
     </span>
     <span class='ocr_line' id='line_1_20' title="bbox 297 2901 1361 2994; baseline -0.004 -21"><span class='ocrx_word' id='word_1_142' title='bbox 297 2905 517 2994; x_wconf 83' lang='lat' dir='ltr'><strong>tragoediam;</strong></span> <span class='ocrx_word' id='word_1_143' title='bbox 538 2927 643 2994; x_wconf 92' lang='lat' dir='ltr'><strong>quum</strong></span> <span class='ocrx_word' id='word_1_144' title='bbox 661 2913 777 2972; x_wconf 89' lang='lat' dir='ltr'><strong>autem</strong></span> <span class='ocrx_word' id='word_1_145' title='bbox 792 2903 951 2971; x_wconf 89' lang='lat' dir='ltr'><strong>Hominis</strong></span> <span class='ocrx_word' id='word_1_146' title='bbox 975 2903 1085 2971; x_wconf 85' lang='lat' dir='ltr'><strong>fatum</strong></span> <span class='ocrx_word' id='word_1_147' title='bbox 1100 2901 1275 2971; x_wconf 85' lang='lat' dir='ltr'><strong>excutiant</strong></span> <span class='ocrx_word' id='word_1_148' title='bbox 1288 2905 1361 2970; x_wconf 88' lang='lat' dir='ltr'><strong>Mo-</strong></span> 
     </span>
     <span class='ocr_line' id='line_1_21' title="bbox 297 3026 1359 3119; baseline -0.004 -21"><span class='ocrx_word' id='word_1_149' title='bbox 297 3032 450 3112; x_wconf 83' lang='lat' dir='ltr'><strong>ralitotes‚</strong></span> <span class='ocrx_word' id='word_1_150' title='bbox 475 3049 515 3095; x_wconf 89' lang='lat' dir='ltr'><strong>ac</strong></span> <span class='ocrx_word' id='word_1_151' title='bbox 530 3028 571 3096; x_wconf 89' lang='lat' dir='ltr'><strong>de</strong></span> <span class='ocrx_word' id='word_1_152' title='bbox 592 3027 650 3097; x_wconf 95' lang='lat' dir='ltr'><strong>illo</strong></span> <span class='ocrx_word' id='word_1_153' title='bbox 666 3050 790 3119; x_wconf 87' lang='lat' dir='ltr'><strong>supera</strong></span> <span class='ocrx_word' id='word_1_154' title='bbox 809 3049 917 3115; x_wconf 87' lang='lat' dir='ltr'><strong>regna</strong></span> <span class='ocrx_word' id='word_1_155' title='bbox 931 3027 1134 3118; x_wconf 81' lang='lat' dir='ltr'><strong>infernaque</strong></span> <span class='ocrx_word' id='word_1_156' title='bbox 1151 3026 1359 3096; x_wconf 88' lang='lat' dir='ltr'><strong>decertantia</strong></span> 
     </span>
     <span class='ocr_line' id='line_1_22' title="bbox 298 3150 1354 3244; baseline -0.005 -19"><span class='ocrx_word' id='word_1_157' title='bbox 298 3155 500 3238; x_wconf 89' lang='lat' dir='ltr'><strong>ostendant;</strong></span> <span class='ocrx_word' id='word_1_158' title='bbox 530 3177 601 3223; x_wconf 92' lang='lat' dir='ltr'><strong>non</strong></span> <span class='ocrx_word' id='word_1_159' title='bbox 617 3176 761 3244; x_wconf 90' lang='lat' dir='ltr'><strong>possum</strong></span> <span class='ocrx_word' id='word_1_160' title='bbox 784 3176 855 3222; x_wconf 91' lang='lat' dir='ltr'><strong>non</strong></span> <span class='ocrx_word' id='word_1_161' title='bbox 874 3152 1073 3221; x_wconf 88' lang='lat' dir='ltr'><strong>meminisse</strong></span> <span class='ocrx_word' id='word_1_162' title='bbox 1093 3152 1267 3244; x_wconf 87' lang='lat' dir='ltr'><strong>AEsehylis</strong></span> <span class='ocrx_word' id='word_1_163' title='bbox 1283 3150 1354 3243; x_wconf 88' lang='lat' dir='ltr'><strong>qui,</strong></span> 
     </span>
     <span class='ocr_line' id='line_1_23' title="bbox 298 3277 1357 3370; baseline -0.002 -24"><span class='ocrx_word' id='word_1_164' title='bbox 298 3302 410 3370; x_wconf 84' lang='lat' dir='ltr'><strong>graeca</strong></span> <span class='ocrx_word' id='word_1_165' title='bbox 425 3277 599 3347; x_wconf 84' lang='lat' dir='ltr'><strong>exoriente</strong></span> <span class='ocrx_word' id='word_1_166' title='bbox 615 3278 795 3368; x_wconf 69' lang='lat' dir='ltr'><strong>tragoedia,</strong></span> <span class='ocrx_word' id='word_1_167' title='bbox 805 3277 984 3346; x_wconf 90' lang='lat' dir='ltr'><strong>hominem</strong></span> <span class='ocrx_word' id='word_1_168' title='bbox 997 3287 1215 3348; x_wconf 91' lang='lat' dir='ltr'><strong>mortuorum</strong></span> <span class='ocrx_word' id='word_1_169' title='bbox 1226 3277 1357 3346; x_wconf 88' lang='lat' dir='ltr'><strong>umbris</strong></span> 
     </span>
     <span class='ocr_line' id='line_1_24' title="bbox 296 3401 1357 3493; baseline -0.003 -21"><span class='ocrx_word' id='word_1_170' title='bbox 296 3401 511 3493; x_wconf 81' lang='lat' dir='ltr'><strong>lustitiaeque</strong></span> <span class='ocrx_word' id='word_1_171' title='bbox 532 3401 721 3472; x_wconf 86' lang='lat' dir='ltr'><strong>obnoxium</strong></span> <span class='ocrx_word' id='word_1_172' title='bbox 740 3401 915 3471; x_wconf 90' lang='lat' dir='ltr'><strong>ostendit:</strong></span> <span class='ocrx_word' id='word_1_173' title='bbox 934 3423 1061 3491; x_wconf 89' lang='lat' dir='ltr'><strong>magna</strong></span> <span class='ocrx_word' id='word_1_174' title='bbox 1081 3401 1220 3492; x_wconf 89' lang='lat' dir='ltr'><strong>quidem</strong></span> <span class='ocrx_word' id='word_1_175' title='bbox 1246 3401 1357 3470; x_wconf 89' lang='lat' dir='ltr'><strong>utriu-</strong></span> 
     </span>
     <span class='ocr_line' id='line_1_25' title="bbox 298 3528 1359 3621; baseline 0.002 -25"><span class='ocrx_word' id='word_1_176' title='bbox 298 3551 377 3621; x_wconf 91' lang='lat' dir='ltr'><strong>que‚</strong></span> <span class='ocrx_word' id='word_1_177' title='bbox 400 3528 557 3609; x_wconf 88' lang='lat' dir='ltr'><strong>dissimili</strong></span> <span class='ocrx_word' id='word_1_178' title='bbox 573 3537 710 3612; x_wconf 90' lang='lat' dir='ltr'><strong>eventu,</strong></span> <span class='ocrx_word' id='word_1_179' title='bbox 727 3535 950 3620; x_wconf 81' lang='lat' dir='ltr'><strong>argumenta3</strong></span> <span class='ocrx_word' id='word_1_180' title='bbox 974 3528 1179 3621; x_wconf 88' lang='lat' dir='ltr'><strong>felicemque</strong></span> <span class='ocrx_word' id='word_1_181' title='bbox 1200 3528 1359 3598; x_wconf 84' lang='lat' dir='ltr'><strong>Graeoum</strong></span> 
     </span>
     <span class='ocr_line' id='line_1_26' title="bbox 296 3653 1356 3748; baseline 0.001 -24"><span class='ocrx_word' id='word_1_182' title='bbox 296 3662 435 3747; x_wconf 90' lang='lat' dir='ltr'><strong>poetam</strong></span> <span class='ocrx_word' id='word_1_183' title='bbox 461 3653 517 3723; x_wconf 87' lang='lat' dir='ltr'><strong>oui</strong></span> <span class='ocrx_word' id='word_1_184' title='bbox 541 3653 649 3724; x_wconf 88' lang='lat' dir='ltr'><strong>libera</strong></span> <span class='ocrx_word' id='word_1_185' title='bbox 671 3653 709 3722; x_wconf 91' lang='lat' dir='ltr'><strong>in</strong></span> <span class='ocrx_word' id='word_1_186' title='bbox 724 3653 836 3748; x_wconf 89' lang='lat' dir='ltr'><strong>patria</strong></span> <span class='ocrx_word' id='word_1_187' title='bbox 855 3662 889 3724; x_wconf 88' lang='lat' dir='ltr'><strong>et</strong></span> <span class='ocrx_word' id='word_1_188' title='bbox 915 3653 1101 3725; x_wconf 86' lang='lat' dir='ltr'><strong>homericis</strong></span> <span class='ocrx_word' id='word_1_189' title='bbox 1117 3654 1241 3726; x_wconf 82' lang='lat' dir='ltr'><strong>lohulis</strong></span> <span class='ocrx_word' id='word_1_190' title='bbox 1256 3656 1356 3740; x_wconf 80' lang='lat' dir='ltr'><strong>freto,</strong></span> 
     </span>
     <span class='ocr_line' id='line_1_27' title="bbox 295 3778 1065 3871; baseline -0.001 -20"><span class='ocrx_word' id='word_1_191' title='bbox 295 3801 496 3851; x_wconf 88' lang='lat' dir='ltr'><strong>mansuram</strong></span> <span class='ocrx_word' id='word_1_192' title='bbox 512 3779 655 3870; x_wconf 83' lang='lat' dir='ltr'><strong>contigit</strong></span> <span class='ocrx_word' id='word_1_193' title='bbox 668 3778 823 3851; x_wconf 90' lang='lat' dir='ltr'><strong>invenire</strong></span> <span class='ocrx_word' id='word_1_194' title='bbox 849 3778 1065 3871; x_wconf 73' lang='lat' dir='ltr'><strong>tragoediam.</strong></span> 
     </span>
    </p>
   </div>
   <div class='ocr_carea' id='block_1_5' title="bbox 294 4053 1356 4232">
    <p class='ocr_par' dir='ltr' id='par_1_5' title="bbox 294 4053 1356 4232">
     <span class='ocr_line' id='line_1_28' title="bbox 350 4053 1354 4130; baseline -0.002 -16"><span class='ocrx_word' id='word_1_195' title='bbox 350 4057 375 4114; x_wconf 89' lang='lat'><strong>1.</strong></span> <span class='ocrx_word' id='word_1_196' title='bbox 393 4059 428 4116; x_wconf 83' lang='lat' dir='ltr'><strong>V.</strong></span> <span class='ocrx_word' id='word_1_197' title='bbox 440 4065 535 4115; x_wconf 80' lang='lat' dir='ltr'><strong>temen</strong></span> <span class='ocrx_word' id='word_1_198' title='bbox 546 4058 733 4115; x_wconf 84' lang='lat' dir='ltr'><strong>iuteroaetera</strong></span> <span class='ocrx_word' id='word_1_199' title='bbox 746 4057 774 4114; x_wconf 84' lang='lat' dir='ltr'><strong>lo</strong></span> <span class='ocrx_word' id='word_1_200' title='bbox 788 4057 954 4115; x_wconf 80' lang='lat' dir='ltr'><strong>destruction</strong></span> <span class='ocrx_word' id='word_1_201' title='bbox 962 4056 994 4113; x_wconf 83' lang='lat' dir='ltr'><strong>de</strong></span> <span class='ocrx_word' id='word_1_202' title='bbox 1006 4057 1093 4130; x_wconf 78' lang='lat' dir='ltr'><strong>Troye</strong></span> <span class='ocrx_word' id='word_1_203' title='bbox 1108 4055 1238 4112; x_wconf 77' lang='lat' dir='ltr'><strong>ladrum</strong></span> <span class='ocrx_word' id='word_1_204' title='bbox 1252 4053 1354 4124; x_wconf 71' lang='lat'><strong>(1450),</strong></span> 
     </span>
     <span class='ocr_line' id='line_1_29' title="bbox 294 4153 1356 4232; baseline -0.005 -18"><span class='ocrx_word' id='word_1_205' title='bbox 294 4157 323 4215; x_wconf 85' lang='lat' dir='ltr'><strong>la</strong></span> <span class='ocrx_word' id='word_1_206' title='bbox 335 4166 420 4230; x_wconf 78' lang='lat' dir='ltr'><strong>prout</strong></span> <span class='ocrx_word' id='word_1_207' title='bbox 443 4158 494 4232; x_wconf 73' lang='lat' dir='ltr'><strong>nef</strong></span> <span class='ocrx_word' id='word_1_208' title='bbox 515 4158 560 4216; x_wconf 82' lang='lat' dir='ltr'><strong>der</strong></span> <span class='ocrx_word' id='word_1_209' title='bbox 580 4157 657 4231; x_wconf 75' lang='lat' dir='ltr'><strong>folles</strong></span> <span class='ocrx_word' id='word_1_210' title='bbox 677 4159 824 4232; x_wconf 79' lang='lat' dir='ltr'><strong>(carmen),</strong></span> <span class='ocrx_word' id='word_1_211' title='bbox 846 4155 989 4213; x_wconf 76' lang='lat' dir='ltr'><strong>l’Histoiro</strong></span> <span class='ocrx_word' id='word_1_212' title='bbox 1013 4155 1045 4212; x_wconf 84' lang='lat' dir='ltr'><strong>de</strong></span> <span class='ocrx_word' id='word_1_213' title='bbox 1072 4153 1197 4228; x_wconf 76' lang='lat' dir='ltr'><strong>l&#39;lt&#39;asont</strong></span> <span class='ocrx_word' id='word_1_214' title='bbox 1221 4153 1356 4228; x_wconf 69' lang='lat' dir='ltr'><strong>prodigus</strong></span> 
     </span>
    </p>
   </div>
   <div class='ocr_carea' id='block_1_6' title="bbox 178 4241 1337 4332">
    <p class='ocr_par' dir='ltr' id='par_1_6' title="bbox 178 4241 1337 4332">
     <span class='ocr_line' id='line_1_30' title="bbox 178 4241 1337 4332; baseline -0.006 -17"><span class='ocrx_word' id='word_1_215' title='bbox 178 4241 193 4250; x_wconf 87' lang='lat'><strong>..</strong></span> <span class='ocrx_word' id='word_1_216' title='bbox 296 4250 407 4332; x_wconf 76' lang='lat' dir='ltr'><strong>(least)</strong></span> <span class='ocrx_word' id='word_1_217' title='bbox 422 4272 484 4331; x_wconf 82' lang='lat' dir='ltr'><strong>quae</strong></span> <span class='ocrx_word' id='word_1_218' title='bbox 502 4255 629 4316; x_wconf 81' lang='lat' dir='ltr'><strong>fatentur</strong></span> <span class='ocrx_word' id='word_1_219' title='bbox 644 4263 806 4314; x_wconf 75' lang='lat' dir='ltr'><strong>suctores«</strong></span> <span class='ocrx_word' id='word_1_220' title='bbox 827 4253 988 4314; x_wconf 69' lang='lat' dir='ltr'><strong>translatio</strong></span> <span class='ocrx_word' id='word_1_221' title='bbox 999 4251 1031 4312; x_wconf 74' lang='lat' dir='ltr'><strong>aa</strong></span> <span class='ocrx_word' id='word_1_222' title='bbox 1045 4251 1117 4312; x_wconf 80' lang='lat' dir='ltr'><strong>letto</strong></span> <span class='ocrx_word' id='word_1_223' title='bbox 1127 4251 1300 4326; x_wconf 67' lang='lat' dir='ltr'><strong>eosconpoir.</strong></span> <span class='ocrx_word' id='word_1_224' title='bbox 1322 4271 1337 4308; x_wconf 72' lang='lat' dir='ltr'><strong>s</strong></span> 
     </span>
    </p>
   </div>
   <div class='ocr_carea' id='block_1_7' title="bbox 0 0 1576 5066">
    <p class='ocr_par' dir='ltr' id='par_1_7' title="bbox 0 0 1576 5066">
     <span class='ocr_line' id='line_1_31' title="bbox 0 0 1576 5066; baseline 0 2"><span class='ocrx_word' id='word_1_225' title='bbox 0 0 1576 5066; x_wconf 95' lang='lat' dir='ltr'><strong> </strong></span> 
     </span>
    </p>
   </div>
  </div>
 </body>
</html>
