3142 5066
657 521 836 590 ..51-

215 689 345 768 autem,
361 679 608 772 thadamsnte
627 681 756 784 judice,
786 681 992 750 damnantur
1011 681 1124 751 cuncti
1155 693 1279 776 praeter

215 809 398 878 eremitam
413 813 447 875 et
461 805 583 874 mitem
598 811 853 898 praeceptorem.

279 935 321 1002 In
351 931 588 1026 prioreparte
616 929 709 1000 Mors
736 931 824 1000 falce
845 931 1025 1023 jugulatos
1058 933 1102 1004 ad
1133 933 1276 1004 choreas

216 1058 342 1129 usitato
361 1079 471 1142 more,
492 1055 643 1148 primum
670 1079 846 1127 summum
864 1057 1079 1144 Pontificem,
1099 1080 1183 1128 mox
1208 1060 1279 1129 Im-

217 1191 425 1276 peratorem,
447 1190 568 1273 postea
585 1181 732 1272 Regem,
762 1180 885 1252 deinde
906 1183 1053 1274 judices,
1073 1183 1280 1270 causidicos,

220 1317 445 1400 caeterosque,
481 1307 600 1376 ordine
626 1306 743 1376 trahit.
774 1307 945 1400 Equidem
971 1308 1131 1379 Horisius
1166 1319 1282 1402 aperte

221 1433 343 1504 similis
370 1432 567 1526 argumenti
593 1432 748 1502 imitetur
769 1433 922 1502 cannino
950 1436 1117 1526 quaejam
1140 1433 1282 1503 ineunte

220 1571 341 1656 quarto
374 1560 508 1631 decimo
533 1560 659 1630 saeculo
686 1583 748 1653 per
766 1567 875 1630 totam
889 1560 1066 1653 Europam
1093 1561 1131 1630 in
1157 1583 1283 1631 manus

219 1687 401 1757 hominum
417 1685 640 1756 tradebantur
662 1693 696 1754 et
711 1708 859 1778 quorum
879 1709 989 1755 unum
1008 1685 1195 1778 Hispanico
1212 1709 1284 1757 ser-

220 1835 323 1882 mone
346 1810 511 1902 soriptum
529 1810 688 1902 typisque
717 1811 922 1880 aTiolznore
936 1811 1138 1880 mandatum
1150 1812 1286 1882 videtur

222 1959 338 2006 corum
356 1936 604 2028 spectatoribus
619 1944 735 2005 ectum
753 1936 895 2005 fuisset.
916 1935 1032 2006 Credit
1050 1936 1200 2007 Tioknor
1218 1939 1286 2008 hoc

222 2060 450 2151 Hispanicum
466 2081 590 2150 poema
604 2081 646 2128 ex
660 2060 810 2150 quodem
825 2060 954 2129 Gallico
976 2061 1117 2131 ductum
1126 2061 1153 2130 ².
1176 2061 1285 2145 Quid-

226 2184 308 2275 quid
325 2183 360 2253 id
389 2192 454 2269 est,
471 2192 605 2253 constat
632 2183 670 2253 in
697 2184 808 2254 Gallia
833 2185 1039 2256 Maoabraeas
1055 2187 1197 2257 choreas
1213 2187 1286 2281 pri-

223 2332 320 2380 mum
352 2311 442 2403 typis
473 2310 653 2381 mandatas
681 2311 789 2380 fuisse
826 2334 917 2381 anno
948 2313 1046 2395 1485,
1077 2313 1286 2405 venalesque

222 2435 415 2526 prostitisse
449 2436 541 2528 apud
570 2435 793 2527 bibliopolam
821 2438 919 2528 cujus
959 2434 1106 2517 officina,
1145 2436 1289 2526 posticis

223 2561 397 2631 Navarrioi
419 2561 554 2651 collegii
564 2561 718 2653 partibus
725 2562 802 2646 site,
824 2562 979 2653 ejusdem
995 2559 1131 2650 collegii
1146 2560 1287 2630 nomine

225 2684 459 2774 signabatur³.
497 2685 638 2755 Eaedem
669 2685 803 2755 choreae
838 2685 928 2775 apud
967 2683 1127 2754 eumdem
1165 2683 1287 2755 biblio-

279 2879 307 2936 1.
326 2879 480 2936 Tiehnoris
492 2881 565 2938 Hor.
583 2881 711 2948 translat.
728 2879 928 2952 obscurabat,
940 2887 959 2934 t.
978 2897 998 2949 1,
1013 2899 1042 2952 p.
1054 2879 1089 2935 87
1098 2888 1127 2936 et
1141 2881 1204 2938 548.

278 2977 306 3036 2.
327 2979 387 3044 ef..
398 2977 523 3051 exempli
532 2982 638 3048 gratia,
650 2981 737 3035 verba
747 2980 852 3036 Mortis
865 2981 900 3036 ad
913 2998 1056 3036 summum
1068 2981 1248 3051 Pontificem,
1260 2985 1291 3042 in

228 3077 338 3134 Gallico
350 3078 562 3153 Hispanicoque
577 3078 702 3149 dialogo.

431 3203 498 3272 Ilum
514 3219 581 3269 papo
597 3219 662 3254 vous
677 3219 873 3255 commenceres

432 3294 540 3344 Comma
555 3294 579 3344 la
592 3294 652 3359 plus
664 3295 743 3359 digne
758 3295 883 3359 seigneur

432 3383 472 3433 En
486 3397 516 3433 ce
528 3382 605 3448 point
617 3383 717 3433 honore
730 3398 801 3433 sares

431 3475 492 3524 on
502 3486 581 3538 grane
595 3471 719 3524 maistres
731 3476 772 3524 est
784 3473 835 3524 deu
849 3473 980 3536 honneur,
997 3479 1049 3526 etc.

432 3590 565 3658 Eporque
576 3590 601 3642 el
613 3590 694 3642 santo
707 3591 793 3643 Padra
806 3608 835 3642 es
844 3607 907 3657 muy
916 3591 971 3645 ulto
984 3594 1063 3644 aerior

432 3679 487 3738 Quo
498 3694 532 3731 en
543 3681 607 3732 todo
621 3680 646 3731 al
660 3682 760 3732 mundo
773 3696 825 3732 non
838 3697 872 3746 ay
886 3685 917 3732 su
927 3696 976 3747 par

430 3766 453 3816 Ε
468 3767 542 3820 desto
554 3782 599 3832 my
610 3769 696 3834 danqa
710 3783 769 3820 sera
780 3767 902 3833 guiador.

436 3855 559 3908 Dcsnude
572 3872 603 3908 su
614 3873 680 3925 cepa
691 3859 827 3910 eomience
840 3874 857 3910 a
871 3863 953 3922 soter,
964 3864 1015 3912 etc.

268 3970 304 4027 Et
317 3972 455 4028 Rarisius
469 3990 477 4027 ε

432 4096 473 4147 Tu
485 4097 531 4163 qui
541 4101 645 4151 naturae
652 4103 730 4150 natos
745 4101 853 4150 excellis
864 4101 892 4150 in
905 4101 970 4152 orba

435 4186 509 4252 Papa
520 4187 591 4240 veni.
603 4215 632 4232 -
644 4189 700 4249 Quo
710 4204 782 4241 mors
793 4205 837 4242 me
847 4191 939 4244 vocati
953 4193 1035 4244 -Ad
1047 4193 1165 4257 choreas,
1182 4198 1233 4246 etct

194 4324 197 4339 =
290 4301 314 4357 3.
338 4305 371 4360 V.
389 4303 506 4360 Brunst.
