3142 5066
661 537 875 609 -l9-‘

284 699 329 772 ll.
345 703 417 772 Tres
430 701 581 771 mardoni
596 698 667 792 (fol.
689 701 756 793 to).
772 739 816 754 -
830 699 871 770 ln
885 699 951 772 hoo
975 699 1057 773 satis
1081 698 1276 788 inordinato

216 831 352 922 dialogo
365 827 480 919 agitur
494 828 535 897 de
549 826 658 896 tribus
671 825 764 895 utait
781 835 899 896 noster
916 828 1101 897 Mundanis
1122 829 1180 920 qui
1191 829 1273 915 vita,

218 955 297 1048 qula
320 952 433 1025 brevis
459 961 521 1038 est,
547 953 623 1022 laete
652 947 720 1021 lrui
749 953 915 1044 cupiunt:
937 955 1030 1023 Mors
1058 955 1274 1039 autemillis,

215 1082 349 1150 reclusa
370 1077 584 1148 infernorum
601 1078 778 1169 voragine,
798 1077 997 1148 damnatum
1013 1080 1196 1170 quemdam
1219 1103 1275 1149 os-

216 1206 324 1276 tendit
340 1227 347 1273 :
362 1211 550 1296 posteaque
567 1203 738 1273 daemones
754 1203 953 1272 nocentium
966 1204 1122 1273 membra
1132 1205 1276 1296 epulan-

215 1340 283 1400 tur.
305 1329 512 1420 Lagentium
524 1339 677 1398 mentem
697 1329 878 1399 advertunt
901 1330 1007 1400 trium
1020 1333 1277 1402 Mundanorum

216 1431 362 1549 superba
388 1457 507 1542 verba,
537 1480 643 1549 quum
676 1457 823 1548 pecunia
841 1457 1020 1548 gratiaque
1048 1457 1126 1527 freti
1153 1466 1276 1528 cuncta

216 1583 371 1653 derident
383 1590 416 1650 et
430 1581 564 1650 nullum
579 1582 711 1650 lacinus
724 1579 876 1651 horrent.
890 1582 927 1651 Si
942 1582 1027 1652 mihi
1039 1583 1111 1652 dies
1127 1583 1272 1668 dicatur,

215 1707 326 1798 inquit
340 1727 431 1775 unus
447 1729 488 1774 ex
507 1705 573 1794 his,
587 1705 722 1797 judices
737 1728 965 1797 corrumpam.

314 1907 557 1985 Causidicosqua
574 1907 653 1968 datis
668 1904 781 1968 faciam
793 1924 978 1969 rancescere
994 1910 1138 1972 nummis.

282 2101 319 2212 Si
338 2087 671 2169 obmurmuraverint
684 2098 878 2168 sacerdotes

329 2281 538 2342 Praebendam
554 2280 699 2340 obtulero
714 2280 927 2358 pinguendum
943 2279 1025 2341 forte
1039 2280 1179 2356 latranti,

333 2387 540 2449 Praebendam
555 2409 562 2448 :
585 2385 644 2447 hoc
660 2387 706 2448 uti
721 2389 807 2466 cogit
822 2387 963 2467 paenuria
978 2387 1087 2448 verbo.

215 2563 244 2633 si
264 2562 361 2658 plebs
381 2561 551 2633 obstiterit

332 2744 509 2804 Accurrent
521 2759 659 2821 propere
675 2741 784 2804 famuli
800 2744 853 2821 qui
867 2741 954 2804 milla
967 2745 1116 2804 sonantes

331 2851 490 2914 Incutiant
504 2847 652 2930 colaphos
667 2859 699 2914 et
713 2853 791 2912 duro
809 2853 944 2913 verbere
957 2851 1107 2930 plectant.

279 3007 383 3090 Haud
404 3014 513 3104 mora,
529 3007 623 3090 Mors
638 3026 790 3111 apparet,
806 3015 914 3112 plebis
927 3019 1063 3103 vindan,
1081 3017 1135 3087 cui
1150 3017 1277 3088 frustra

213 3147 372 3218 resistere
390 3149 566 3218 conantur.

594 3330 731 3391 Pulchro
746 3328 899 3389 vestimur
913 3328 1039 3388 amictu.

213 3433 314 3496 Mors.
331 3435 415 3513 Ergo
430 3434 516 3497 solua
530 3436 622 3516 inops
634 3439 741 3499 lacero
755 3437 889 3497 vestitus
903 3436 1020 3496 amictu

333 3544 505 3606 Oooumbet
519 3544 593 3606 fatis
609 3551 641 3605 et
654 3547 756 3605 morta
770 3543 888 3622 peribit
903 3541 1039 3602 acerbat

331 3683 368 3697 ·-
384 3652 547 3714 Nutrimus
559 3653 654 3714 lautis
669 3647 852 3713 mollissima
866 3666 999 3729 corpora
1014 3647 1142 3709 mensis.

213 3757 315 3821 Mors.
328 3761 413 3836 Ergo
428 3742 528 3838 epulae
542 3761 700 3822 rediment
714 3761 881 3833 hominem,
897 3759 1046 3836 solusque
1059 3757 1176 3836 peribit

329 3867 465 3947 Jejunus
484 3887 606 3949 pauper
618 3871 670 3948 qui
684 3872 806 3949 praebet
821 3869 963 3931 oluscula
975 3867 1100 3929 ventrit

278 4047 438 4125 Damnati
472 4079 630 4148 quoque,
666 4078 790 4149 quum,
826 4054 1083 4126 dehiscentibus
1116 4050 1273 4137 infernis,

133 4269 135 4274 Ι
212 4188 364 4272 apparet,
380 4179 493 4270 dignae
506 4201 581 4274 quae
596 4189 849 4274 exponerentur
863 4179 1023 4274 querela,
1036 4196 1182 4270 quarum
1195 4173 1274 4245 talis

213 4308 266 4372 est
285 4295 454 4376 cantilena
