3142 5066
728 496 932 588 --n-¹

286 665 468 735 Corbelino
501 666 704 756 Joanneque
740 664 909 735 Textorel
943 664 1097 754 ingentis
1126 673 1208 734 tunc
1251 667 1351 737 famae

190 865 192 874 A
284 791 366 860 viris
384 790 524 883 (credite
543 814 636 860 nune
651 789 781 882 gloriae)
798 798 918 861 auctus
933 799 966 859 et
979 791 1222 882 locupletatus,
1242 815 1350 884 quum

287 942 306 988 e
325 918 492 1010 discipulo
510 917 675 1007 magister
690 917 855 987 evasisset
870 918 1016 1010 primam
1039 917 1128 986 rexit
1153 918 1299 987 classem
1313 919 1350 987 in

287 1045 409 1115 codem
430 1044 587 1134 collegio,
605 1067 696 1115 anno
717 1023 834 1130 15002',
859 1052 961 1136 atque
981 1044 1102 1114 eodem
1127 1066 1218 1114 anno
1237 1054 1350 1116 rector

286 1169 528 1242 Universitatis
549 1169 688 1238 exstitit.
711 1170 822 1251 Quem
844 1192 887 1237 ne
904 1168 1008 1236 nimis
1028 1168 1197 1237 mirentur
1215 1158 1357 1240 adoles-¹¹

289 1301 424 1364 centem
440 1293 477 1362 in
501 1301 632 1362 tantam
648 1293 850 1385 dignitatem
869 1300 1083 1385 provectum,
1099 1293 1282 1362 trimestris
1295 1295 1352 1363 hio

287 1421 400 1489 honos
417 1441 597 1510 nunquam
617 1427 712 1487 extra
730 1419 945 1488 Facultatem
968 1418 1094 1487 artium
1109 1441 1148 1488 ac
1165 1419 1351 1509 saepissime

289 1545 477 1615 rhetorices
505 1544 758 1636 professoribus
792 1525 1042 1613 ocriferchatur.
1080 1544 1155 1627 Qua
1187 1544 1353 1635 gravitate

290 1672 383 1740 hune
396 1670 639 1760 magistratum
666 1670 812 1759 gesserit
831 1669 997 1753 nescitur,
1023 1663 1131 1760 quum
1154 1668 1355 1761 plerumque

290 1799 387 1869 vafer
401 1820 441 1867 ac
456 1773 676 1866 turbulentus
702 1797 818 1866 omnia
844 1819 929 1865 naso
960 1796 1185 1888 suspenderet
1206 1796 1352 1865 adunco.

291 1922 382 1993 Talis
401 1922 589 2013 apparetin
604 1925 754 2010 Epistolis
770 1945 855 2014 quas
872 1921 1048 2013 discipulis
1066 1921 1217 2005 dictavit,
1232 1920 1355 2012 spuriae

284 2071 376 2118 ‘sane
401 2047 592 2133 latinitatis,
626 2071 710 2139 pace
737 2057 790 2118 tot
815 2050 994 2119 doctorum
1018 2048 1174 2118 virorum
1198 2048 1352 2130 dixerim,

293 2173 354 2242 sed
368 2173 568 2242 fescennina
582 2173 756 2243 interdum
778 2173 962 2243 festivitate
978 2171 1184 2263 insignibus.
1210 2173 1301 2243 Talis
1318 2173 1354 2240 in

293 2297 381 2382 vita3
400 2319 481 2366 nam
506 2297 609 2366 Petro
635 2296 767 2369 Vitorio
792 2298 932 2387 collegae
952 2321 1014 2368 suo
1040 2297 1185 2382 obstitit„
1213 2319 1353 2389 «seque

294 2447 364 2493 non
381 2421 548 2492 dubitavit
562 2423 740 2492 nominare
755 2423 792 2490 in
802 2422 977 2492 beneficiis
988 2424 1031 2493 ad
1043 2423 1352 2514 praesentationem,

294 2561 333 2621 ut
346 2552 482 2634 Bulaeus
495 2550 574 2635 ait³,
598 2551 749 2642 episcopi
766 2560 798 2619 et
821 2551 960 2642 capituli
974 2549 1213 2621 Nivernensis.
1232 2578 1246 2614 s
1268 2550 1356 2619 Mor-

293 2685 374 2744 tuus
395 2684 446 2743 est
464 2698 554 2745 anno
571 2678 669 2758 4524,
693 2676 954 2745 necverisimile
975 2677 1080 2745 estin
1101 2675 1240 2768 publico
1261 2676 1355 2744 valc-

294 2801 467 2870 tudinario
483 2801 576 2870 hunc
593 2801 780 2871 decessisse
795 2810 833 2870 ut
848 2801 987 2893 quidam
1009 2801 1145 2887 aiunt'*;
1176 2824 1257 2871 nam
1285 2831 1301 2867 ι(
1320 2802 1356 2870 in

296 2926 374 2995 navi
387 2925 468 2994 aedis
481 2925 673 2996 Navarricae
689 2926 842 3016 sepultus
858 2934 910 2994 est
923 2949 1001 2994 cum
1012 2927 1208 3018 epitaphi0⁵
1223 2955 1239 2990 »
1258 2929 1356 3019 cujus

296 3049 445 3143 primum
458 3071 598 3119 versum
612 3050 796 3141 protulisse
813 3058 865 3120 sat
885 3050 974 3142 erit:

376 3214 458 3275 vite
473 3212 658 3275 immortalis
673 3215 792 3274 Tertor
808 3215 868 3274 sibi
886 3220 995 3275 texere
1010 3215 1117 3292 telam‚·
1133 3221 1193 3277 etc.

365 3363 484 3432 Exstat
505 3372 539 3432 et
562 3363 709 3433 alterum
732 3365 943 3456 epigramma
963 3368 1061 3458 cujus
1080 3374 1198 3435 auctor
1220 3366 1356 3456 Episto-
1473 3465 1476 3470 1

296 3488 409 3557 lerum
428 3488 592 3558 lectorem
615 3489 787 3559 consolari
806 3491 970 3576 adoritur,
997 3492 1090 3583 quod
1116 3492 1255 3562 cesserit
1277 3490 1356 3561 fatis

297 3615 361 3700 vir,
378 3624 416 3684 ut
430 3615 489 3699 ait,
510 3615 695 3687 immortali
707 3616 777 3686 vita
792 3616 937 3709 dignus:

352 3793 376 3849 1.
397 3794 501 3859 Lanu„
514 3813 581 3868 pars
597 3795 631 3860 ΙΙ,
646 3813 708 3868 cap.
720 3813 759 3862 rx,
772 3815 801 3869 p.
816 3795 879 3851 644.

350 3895 377 3952 2.
398 3893 559 3958 Bu1.,ffist.
577 3893 656 3952 Ucia.
672 3896 764 3952 Poris.
782 3901 803 3951 t.
817 3895 865 3961 VI,
880 3915 907 3968 p.
923 3894 986 3951 976.

350 3991 378 4048 3.
397 3992 468 4049 loto.

350 4089 377 4144 4.
398 4091 432 4146 V.
445 4090 486 4146 La
498 4089 650 4164 Monnoye‚
669 4090 865 4151 denotationes
879 4092 909 4149 ic
925 4092 1026 4151 Bastar
1043 4091 1116 4168 (Iup.
1138 4093 1183 4151 dcc
1200 4109 1258 4149 sco.
1282 4099 1302 4147 t.
1323 4091 1357 4156 ΙΙ,

298 4208 326 4262 p.
341 4189 415 4261 264).

351 4287 378 4342 5.
399 4288 477 4353 But,
490 4288 540 4356 Vl,
550 4307 579 4362 p.
591 4287 645 4345 957
