3142 5066
652 542 849 636 Δ--45-

311 793 393 862 Quid
408 791 503 852 tantis
517 789 608 868 luges
623 789 789 870 lacrymis?
802 811 858 852 cur
872 793 967 872 impia
985 794 1099 858 clamas

388 899 543 960 Numina?
558 901 728 960 Textorem
742 900 787 960 sic
801 901 936 978 periisse
952 905 1061 981 putas?

310 1009 393 1070 Num
407 1007 504 1084 periit
520 1006 637 1080 clausa,
657 1025 748 1084 quem
760 1006 869 1068 forent
883 1008 999 1083 sidera,
1018 1011 1121 1072 sorte?

386 1115 514 1189 Desine,
533 1115 680 1176 Tentoris
692 1114 831 1176 molliter
842 1135 913 1178 ossa
928 1117 1070 1180 cubant¹.

295 1341 374 1410 Non
389 1340 426 1408 fit
441 1337 545 1428 vulgo
564 1347 660 1409 tanta
675 1340 814 1431 querela
837 1342 878 1410 de
893 1341 948 1409 his
966 1342 1024 1434 qui
1039 1343 1131 1414 fesso
1149 1368 1291 1438 corpore

231 1466 266 1534 in
282 1466 420 1558 publico
433 1465 685 1553 valetudinario
706 1466 888 1535 decedunt.

298 1591 442 1683 Scripsit
456 1591 638 1682 Epistulas,
651 1591 833 1681 Specimen
848 1591 1098 1681 Epithetorum,
1111 1593 1292 1664 Officinam

231 1724 332 1808 atque
367 1717 523 1807 ejusdem
555 1715 736 1806 Epitomen
771 1713 1034 1805 Cornucopiam‚
1069 1717 1291 1804 Praefationes

232 1865 308 1934 quae
322 1841 515 1931 legentibus
528 1839 627 1909 nohis
639 1840 835 1931 jactantiori
851 1864 915 1910 nec
936 1865 1007 1911 non
1027 1843 1190 1933 putidiori
1212 1867 1291 1912 eru·

232 1969 361 2038 ditione
377 1968 570 2037 redundare
589 1966 670 2036 visae
687 1975 785 2050 sunt3
807 1967 1026 2056 Elegantium
1048 1968 1100 2059 (ut
1117 1969 1148 2037 ei
1167 1970 1291 2062 piacet)

233 2093 437 2163 Orationum
457 2093 582 2162 librum
601 2115 640 2161 ac
654 2092 691 2160 in
705 2091 859 2183 Angium
868 2101 901 2160 et
913 2094 1109 2162 Romanum
1122 2095 1289 2181 libellum,

233 2240 319 2309 quos
333 2241 353 2287 a
366 2217 523 2288 Launoio
539 2216 844 2286 commemoratos²
855 2239 1033 2308 nunquam
1048 2217 1114 2309 ipsi
1129 2217 1289 2288 vidimus.

231 2343 443 2415 Numerandi
459 2343 607 2435 denique
622 2342 771 2431 Dialogi,
790 2351 908 2411 nostra
926 2342 1114 2432 provincia.

255 2467 256 2470 ’
301 2466 420 2558 Operae
429 2466 639 2558 pretiumest
649 2467 1293 2537 manifestumostenderehunclihrum

232 2603 389 2662 constare
418 2593 627 2662 dramatibus
655 2617 730 2686 quae
762 2616 882 2662 revera
917 2594 953 2662 in
982 2617 1121 2663 scenam
1153 2595 1292 2663 inducta

233 2722 383 2804 fuerunt,
412 2743 476 2788 nec
505 2720 651 2810 dialogis
677 2719 801 2811 quihus
825 2727 956 2803 auctor,
986 2719 1023 2787 in
1060 2718 1256 2787 «musaeoio
1272 2745 1289 2782 o

234 2845 384 2936 quietus,
401 2843 503 2933 genio
524 2844 717 2914 indulserit.
734 2843 803 2912 Sed
830 2843 980 2934 primum
1003 2864 1113 2934 pauca
1138 2843 1294 2912 dicantur

232 2968 273 3037 de
295 2967 449 3059 principe
478 2967 530 3056 (ut
558 2967 751 3059 perhibent)
767 2968 872 3058 hujus
886 2967 962 3035 libri
986 2966 1148 3051 editione,
1164 2966 1201 3034 in
1226 2986 1294 3056 qua

233 3094 402 3163 nonnulla
429 3092 734 3163 animadvertimus
761 3092 907 3177 occulta,
942 3092 1179 3183 lectorumque
1213 3113 1294 3159 cura

235 3219 350 3308 digna.
421 3232 424 3237 ’

301 3345 467 3414 Postuma
483 3353 535 3414 est
554 3345 629 3414 haec
644 3344 747 3414 editio
772 3365 860 3434 quae,
884 3343 1029 3412 Textore
1041 3346 1115 3435 jam
1134 3342 1294 3412 duodeci-

234 3493 332 3540 mum
358 3494 488 3540 annum
517 3480 666 3554 mortuo,
694 3469 731 3536 in
757 3490 881 3537 manus
909 3467 1090 3537 hominum
1115 3468 1193 3537 data
1216 3468 1293 3551 fuit,

236 3619 326 3667 anno
343 3599 427 3665 153ss
442 3595 466 3663 ³.
493 3595 616 3666 Nullus
641 3602 693 3664 est
720 3595 809 3663 inter
830 3578 1139 3685 librorum'peritos
1154 3594 1208 3663 cui
1224 3617 1295 3663 non

289 3830 315 3889 1.
337 3831 394 3886 Sub
407 3833 463 3885 fine
477 3831 672 3902 Epistularum.

287 3930 314 3985 2.
335 3930 437 3994 Lanu,
454 3936 474 3984 t.
492 3930 527 3994 ΙΙ,
541 3949 568 4002 p.
583 3928 645 3983 645.

288 4027 313 4083 3.
336 4028 385 4082 Hae
395 4028 582 4099 Dialogorurn
594 4028 736 4083 editiones
750 4047 766 4083 a
779 4029 861 4082 nobis
882 4035 1111 4098 cognoscuntur:

288 4124 316 4180 1⁰
331 4126 470 4197 «Dialogi
482 4126 719 4198 aliquotdoannis
730 4127 842 4182 Ravisii
850 4127 981 4182 Textoris
989 4129 1175 4184 Nivernensis
1183 4129 1294 4183 mendis

237 4226 465 4297 «compluribus
492 4227 650 4298 repurgati,
674 4226 808 4280 studioses
830 4227 975 4296 juventuti
1000 4244 1058 4281 non
1086 4228 1182 4282 minus
1209 4228 1295 4282 utiles

236 4342 250 4376 a
271 4341 356 4396 quam
366 4323 500 4396 jucundi.
517 4323 637 4396 Adjecta
650 4331 717 4379 sunt
732 4325 822 4380 animi
837 4327 932 4397 gratia
945 4326 1073 4398 ejusdem
1088 4327 1295 4398 epigrammata
