3142 5066
678 475 858 588 -75-7·

299 636 396 706 idem
415 635 451 704 in
471 636 546 726 ipso
568 635 707 725 dialogo
723 658 901 706 censorem
922 637 1073 707 ostendit
1091 638 1295 732 Naphlaeum

234 763 315 854 (quo
332 762 538 855 cognomine
563 761 789 832 scholasticus
812 764 896 833 latet
911 764 1039 856 jocus),
1055 763 1125 835 huo
1153 774 1189 834 et
1213 735 1296 836 illue

232 888 481 960 discurrentem
512 889 856 982 adolescentibusque
891 889 1018 959 iratum
1050 889 1109 981 qui
1141 889 1292 960 aulicum

233 1034 360 1086 nomen
380 1016 737 1088 obmurmuraverint:
845 1094 847 1097 ,

608 1214 728 1293 Ecquid
743 1213 878 1274 aulicum
891 1213 1051 1294 profarier

285 1355 289 1360 κ·
307 1322 411 1383 Audio
426 1323 560 1382 nomen?
573 1322 694 1400 fingere
709 1322 801 1383 nobis
815 1323 1034 1402 Harpocraten
1046 1321 1144 1385 tutius
1158 1319 1208 1383 'st

307 1427 378 1490 Τότε
398 1451 443 1510 μοι
455 1427 535 1512 χάνοι
545 1431 633 1512 εὐρεῖα
642 1426 714 1510 χθών

306 1539 348 1601 Ni
361 1537 502 1599 deferam
513 1540 539 1600 si
553 1539 719 1618 quidquam
732 1538 905 1600 audiverim
917 1539 951 1600 in
966 1539 1043 1602 istos
1058 1536 1186 1601 dicier¹.

291 1727 382 1816 Engo
396 1725 475 1794 finis
491 1725 555 1794 erit
568 1725 722 1795 facetiis?
730 1725 832 1796 Nullo
842 1727 946 1796 modo
963 1726 1023 1796 sed
1037 1725 1193 1816 ipsorum
1205 1744 1288 1816 prae·

225 1861 403 1944 ceptorum
436 1851 541 1920 satira
580 1860 663 1920 tunc
695 1851 826 1922 comica
860 1850 914 1920 vis
941 1852 1108 1922 alebatur.
1142 1848 1288 1919 L'uditur

223 1977 316 2046 enim
333 1979 400 2047 hoo
414 1976 551 2068 dialogo
577 1977 719 2047 uxorius
734 1977 851 2048 rhetor
865 1978 907 2049 de
924 2001 991 2070 quo
1011 1985 1113 2046 antea
1130 1975 1286 2047 :luditur
1387 2019 1390 2024 -

221 2100 390 2192 imprimis
410 2099 673 2191 Logodaedalus,
690 2123 794 2192 quem
811 2102 1039 2172 dormientem
1059 2102 1155 2170 fumo
1170 2099 1208 2169 in
1225 2121 1285 2169 na·

219 2248 275 2294 res
295 2225 410 2295 infuso
426 2225 586 2311 excitant,
604 2228 851 2312 fumioecdalam
870 2226 1002 2296 scilicet
1020 2227 1229 2309 triobolorem,
1246 2231 1285 2294 ut

219 2349 261 2420 de
287 2349 472 2421 dialectica
499 2350 752 2441 professoribus
783 2343 974 2422 diachono.
996 2351 1117 2442 Operae
1135 2349 1284 2442 pretium

218 2484 270 2543 est
299 2474 490 2565 sophistam
511 2451 692 2544 ostendere
708 2476 998 2566 expergefactum,
1014 2483 1117 2564 atque
1132 2471 1282 2541 instante

215 2599 301 2668 hora
315 2597 402 2668 nihil
414 2598 599 2668 habentem
620 2600 711 2690 quod
731 2621 850 2669 seeum
864 2598 1051 2670 meditatus
1075 2596 1145 2668 sit:

676 2800 745 2861 Vah
758 2799 854 2879 perii.

209 2905 316 2967 Prima
331 2905 458 2981 etenim,
472 2894 621 2985 quantum
634 2907 782 2986 conjicio,
796 2907 894 2970 instat
905 2907 983 2968 hora
994 2904 1154 2985 aprandio

209 3015 240 3076 N
242 3032 278 3074 eo
293 3013 459 3092 quidquam
473 3015 574 3075 habeo
588 3014 750 3076 inventum
763 3016 845 3094 qnod
860 3014 967 3075 dicere
982 3013 1077 3075 liceat
1090 3011 1175 3077 novi.
1276 3012 1280 3022 ⁴

290 3120 448 3197 Flagrabo
467 3118 596 3180 infamia
610 3120 644 3180 ni
657 3121 732 3198 quid
748 3120 971 3198 excogitavere

209 3227 292 3288 Ante
307 3225 544 3304 praelectionem
557 3245 632 3288 mox
645 3227 893 3304 aggrediendam
906 3225 996 3287 mihi.
1010 3225 1071 3286 Ubi
1086 3223 1188 3285 libert

210 3333 272 3393 Ubi
288 3335 403 3395 chartae
414 3335 426 3394 i
439 3335 493 3394 ubi
509 3333 701 3412 pugillares?
712 3332 765 3394 ubi
778 3332 869 3394 stilus
884 3351 944 3410 quo
955 3330 1073 3410 possim
1086 3330 1227 3390 seribere

210 3440 323 3502 Casum
337 3440 561 3520 sophisticumi
585 3487 593 3504 .
618 3486 627 3503 .
652 3486 660 3503 .

209 3587 537 3610 ...........
563 3549 682 3610 Putant
693 3552 911 3627 argumentum
925 3563 1054 3624 semper
1238 3586 1249 3620 ,

206 3652 323 3715 Valere
341 3653 375 3714 in
388 3654 534 3716 barbara.
547 3657 615 3734 Ego
629 3656 706 3717 totis
721 3656 866 3717 dentibus
884 3659 993 3714 eontra

206 3761 330 3822 Pileum
343 3759 448 3820 locum
460 3767 620 3824 tenentem
635 3780 744 3823 eorum
760 3763 806 3823 sio
818 3779 928 3840 arguo.
940 3760 1048 3822 Omnis

205 3967 233 4021 p.
251 3947 326 4018 110.)
344 3948 423 4003 Fieri
437 3954 533 4021 potest
553 3956 585 4004 ut
608 3949 792 4022 Logodaedali
810 3949 919 4014 fabula,
939 3954 1005 4023 post
1028 3948 1103 4003 hanc
1128 3947 1270 4012 fabulam,

207 4046 242 4102 ob
257 4047 332 4102 iram
344 4048 424 4119 regis
437 4046 549 4103 territis
563 4049 729 4104 etiamnunc
743 4041 936 4113 scholasticis,
951 4053 1017 4105 aeta
1028 4047 1124 4103 fuerit.

261 4143 286 4198 1.
307 4143 368 4200 Fol.
387 4143 449 4202 103.

260 4241 288 4303 2.
309 4242 351 4301 Cf.
364 4243 499 4301 Textoris
511 4244 654 4318 dialogos,
664 4244 715 4303 fol.
729 4243 797 4306 211.
