3142 5066
682 483 859 561 ...65-

235 649 406 750 quaerites.
422 649 535 743 Perge
551 647 660 744 nigot.
675 691 720 704 -
732 653 826 722 ruat.
843 649 871 722 Ο
888 671 991 742 quam
1006 644 1124 720 miseri
1138 655 1218 720 sunt
1237 639 1295 743 qui

234 781 398 851 uxoribus
424 777 495 847 suis
522 775 668 860 nubunt,
685 773 815 861 miseri,
843 775 997 868 inquam,
1023 775 1147 868 quibus
1171 798 1296 845 uxores

233 905 415 998 imperant.
435 903 532 973 Heus
557 912 594 972 tu
625 900 683 994 qul
709 901 923 993 propinquus
952 903 1008 970 hie
1037 911 1140 986 astas,
1156 903 1222 972 hoe
1240 925 1296 970 me

234 1003 399 1100 exoneres
413 1027 508 1118 ligno
521 1027 714 1118 stipemque
735 1025 886 1116 aliquam
900 1023 986 1095 mihi
1002 1019 1177 1111 oonferasss
1195 1049 1294 1095 seeus

233 1153 335 1224 bodie
361 1160 575 1245 postremum
594 1173 648 1218 me
680 1147 788 1220 vides.
816 1152 929 1235 Nune,
950 1159 1048 1242 parta
1074 1151 1221 1242 peounia
1252 1152 1294 1222 ad

237 1301 379 1346 uxorem
400 1275 515 1344 redeo.
552 1276 653 1357 Hem,
686 1297 784 1358 uxor,
816 1275 930 1344 oadest
958 1275 1120 1343 diurnum
1145 1275 1293 1344 lucrum.
1362 1342 1364 1348 .

232 1441 277 1455 —
301 1402 341 1471 Id
368 1408 502 1469 tantum
531 1397 631 1468 nobis
661 1398 866 1489 comparasti
900 1399 1141 1469 scelestissime
1174 1399 1294 1491 nigot?

232 1525 378 1618 Vapula,
407 1523 544 1616 vapula.
570 1522 713 1604 -Pol,
738 1547 802 1613 ego
827 1523 926 1614 plura
955 1547 1025 1593 non
1049 1525 1231 1614 perferam.
1251 1559 1295 1578 ι-

233 1648 388 1742 Insurgis
417 1648 453 1718 in
472 1671 540 1732 me,
564 1644 753 1740 nepharie?
780 1671 843 1738 ego
872 1672 953 1718 sane
980 1651 1102 1719 faeiem
1119 1649 1293 1740 unguibus

232 1775 293 1846 tibi
317 1773 525 1847 deformabo.
543 1813 588 1846 --.
602 1768 685 1841 Heil
711 1795 811 1858 uxor,
838 1773 882 1842 sit
900 1775 1022 1844 saltem
1045 1775 1154 1844 veniae
1176 1773 1292 1859 loous;

232 1923 412 1993 nunquam
436 1898 472 1967 in
497 1897 630 1990 flagitia
648 1898 773 1967 reverti
800 1898 886 1966 mihi
913 1900 1107 1990 eontigerit.
1124 1901 1294 1990 -Surge

232 2024 349 2117 igitur.
370 2063 415 2077 -
428 2021 568 2092 Faciam
594 2019 760 2113 quidquid
780 2021 938 2114 jusseris.
959 2057 1003 2077 -—-
1021 2023 1156 2115 Aquam
1182 2025 1293 2095 situlis

234 2152 473 2221 exanclaturus
488 2170 645 2239 propera.
661 2186 706 2200 -
724 2147 823 2217 Dioto
841 2148 940 2217 eitius
956 2173 1073 2240 pareo.
1094 2149 1172 2236 Hei,
1190 2172 1293 2244 quam
1350 2215 1354 2234 ,

230 2274 349 2346 miseri
379 2282 459 2343 sunt
477 2269 535 2365 qui
563 2265 729 2341 uxoribus
752 2273 824 2341 suis
844 2274 991 2343 nubunt.
1022 2274 1157 2347 Vellem
1181 2278 1292 2368 primo

232 2401 429 2494 nuptiarum
444 2399 498 2470 die
509 2411 565 2468 me
580 2395 760 2468 subitanea
777 2407 887 2469 morte
909 2411 1151 2494 consumptum
1170 2404 1290 2493 fuisse.

231 2529 296 2597 Hei
311 2527 438 2596 misero
453 2525 552 2608 mihi,
575 2521 657 2615 quid
680 2523 823 2592 faeiem?
846 2525 975 2608 Redeo,
993 2548 1090 2610 uxor,
1108 2551 1233 2620 aquam
1247 2532 1293 2598 ai-

232 2654 319 2722 iero.
334 2651 489 2733 -Hem,
504 2646 880 2739 quidhiolacrimarum
892 2655 1014 2720 estl-
1027 2654 1106 2722 Non
1119 2655 1236 2745 lugeo.
1250 2696 1295 2707 —

230 2777 308 2845 Non
325 2774 354 2843 si
371 2771 476 2864 sapis.
491 2773 611 2841 Telam
624 2771 715 2842 hane
732 2772 774 2841 ad
788 2772 902 2844 rivum
915 2777 1067 2845 lavatum
1079 2800 1237 2870 propera.
1248 2819 1293 2833 —

228 2899 303 2984 Na,
336 2915 434 2981 uror,
454 2921 570 2989 pareo.
592 2937 637 2948 -
655 2893 836 2988 Properas,
855 2899 1007 2991 inquam.
1026 2940 1068 2952 -
1094 2903 1122 2972 Ο
1149 2903 1293 2973 infortu-

229 3033 346 3093 natam
364 3022 567 3092 maritorum
581 3023 833 3092 conditionem!
857 3025 947 3108 Quid
961 3027 1104 3097 faeiem?
1124 3029 1291 3098 Miserum

228 3171 284 3217 me
300 3148 357 3239 qui
377 3149 467 3216 hano
482 3144 720 3216 mulierculam
744 3149 781 3216 in
800 3173 944 3219 uxorem
957 3149 1127 3222 duxerim.
1154 3151 1287 3242 Redeo,

143 3261 146 3270 ’
229 3293 348 3344 uxor:
375 3269 541 3341 mundam
568 3274 692 3341 refero.
719 3313 764 3324 -
791 3274 961 3344 Seelestel
992 3275 1075 3369 quid
1099 3277 1291 3348 labeculam

226 3395 316 3467 hano
330 3420 402 3466 non
421 3393 582 3466 abluisti?
597 3395 741 3488 Vapula.
760 3400 811 3467 Tu
830 3422 886 3467 me
911 3400 1078 3492 tantisper
1102 3402 1186 3472 dum
1210 3425 1290 3473 rure

226 3523 359 3594 rediero
386 3521 480 3592 domi
502 3545 655 3607 remane,
679 3545 719 3593 ao
747 3523 875 3594 ibidem
902 3526 1071 3616 opperire,
1101 3535 1134 3597 et
1153 3551 1233 3597 eave
1261 3527 1290 3597 si

225 3647 350 3740 pedem
383 3645 660 3717 commutaveris.
687 3686 732 3698 -
758 3647 831 3715 Ahl
868 3656 976 3738 pater,
998 3653 1110 3740 pater!
1141 3691 1185 3702 -
1221 3653 1288 3737 Ha,

227 3771 289 3856 fili,
309 3771 371 3840 fili.
398 3773 586 3844 -Verum
610 3794 703 3842 nuno
732 3773 890 3864 experior
923 3775 1015 3865 quod
1029 3797 1105 3844 esse
1119 3774 1289 3867 predixe-

224 3920 324 3968 ras...
349 3925 367 3962 u

291 4019 405 4116 Hujus
419 4021 567 4091 similem
580 4022 732 4092 fabulam
744 4024 780 4093 in
793 4025 987 4095 numerosis
1004 4025 1143 4096 Gallicis
1157 4025 1288 4096 facetiis
1362 4115 1363 4120 ἵ

228 4173 304 4242 quae
321 4149 410 4241 typis
425 4151 595 4219 mandatae
620 4159 700 4220 sunt
717 4153 844 4220 frustra
869 4151 1022 4243 quaesivi.
1047 4153 1136 4223 Nam
1155 4152 1195 4224 de
1223 4153 1289 4221 hae
1378 4187 1385 4200 ·

228 4298 304 4366 quae
319 4274 517 4344 inscribitur
534 4301 551 4340 a
565 4275 592 4346 le
606 4279 745 4347 Gruter»
765 4277 852 4347 nihil
865 4277 921 4348 hio
936 4277 1131 4348 dicendum.
