3142 5066
648 556 826 624 ..35-

269 726 421 797 Δ1100110
435 747 506 792 non
522 722 788 795 discernendum
800 733 851 793 est
863 725 929 794 hoc
944 709 1094 794 drama'a
1105 733 1156 795 tot
1167 729 1268 796 Miro-

205 859 283 926 culis
312 877 388 946 quae
416 874 531 925 coram
559 850 721 920 universo
756 851 882 943 populo
920 851 957 918 in
985 852 1150 936 eeclesiis
1186 829 1269 923 dum

203 981 317 1052 Media
337 981 475 1048 floreret
490 975 589 1045 AEtas
609 977 810 1068 agebantur.
838 976 929 1059 Quid
953 977 1059 1066 igitur
1084 977 1146 1046 tihi
1167 977 1270 1047 vide-

204 1107 327 1177 turdo
355 1107 511 1173 Mirocolo
532 1103 623 1193 quod
647 1102 683 1171 in
712 1101 840 1191 Anglia
857 1103 1032 1193 professor
1062 1103 1203 1193 quidam
1231 1102 1267 1169 in

204 1234 374 1302 honorem
403 1229 631 1298 celeberrimae
661 1227 919 1319 disciplinarum
950 1237 1103 1320 patronae
1134 1229 1270 1298 induxit

207 1357 243 1425 in
264 1357 381 1425 schola
396 1377 469 1438 sua,
495 1353 584 1422 inter
609 1375 719 1422 annos
748 1356 893 1422 illitae
918 1356 1024 1422 11201
1052 1354 1152 1422 Teste
1178 1355 1271 1422 enim

206 1483 352 1552 Mathaeo
368 1479 491 1548 Paride
514 1508 530 1544 «
546 1479 630 1570 legit
645 1480 736 1570 apud
749 1479 1018 1570 ,Dunestapliam
1040 1479 1271 1549 Gothofredus

209 1615 410 1699 exspectans
439 1604 594 1673 scholam
628 1604 745 1673 Sancti
773 1603 898 1673 Albani
924 1603 988 1673 sihi
1013 1604 1270 1704 repromissam,
1384 1685 1390 1696 ι

209 1731 267 1800 uhi
283 1731 467 1822 quemdam
480 1730 603 1800 ludum
618 1729 658 1798 de
679 1729 804 1798 Sancta
824 1729 1016 1798 Katherina
1035 1729 1152 1821 (quem
1168 1729 1273 1797 mira-

210 1858 287 1928 cula
312 1855 501 1945 vulgariter
533 1855 757 1946 appellamus)
787 1854 1026 1938 1000111101
1056 1855 1159 1924 ludus
1185 1855 1274 1922 inter

208 1979 467 2070 antiquissimos
483 1986 697 2062 numeratus,
718 2001 938 2070 nequaquam
960 2000 980 2046 0
994 1978 1124 2046 Gallica
1140 1978 1272 2047 schola-

209 2105 300 2174 rium
316 2104 561 2175 comoediarum
571 2105 715 2174 historia
731 2105 800 2196 (cui
815 2104 1007 2196 praesertim
1027 2104 1273 2196 incumbimus)

211 2230 345 2301 alie'nus
366 2240 430 2316 est,
456 2255 537 2300 nam
565 2231 622 2300 hic
643 2232 877 2301 ¹Grothofredus
902 2255 919 2300 0
946 2232 1056 2301 Gallia
1077 2254 1167 2300 anno
1191 2233 1276 2298 1110

212 2359 408 2442 advenerat,
433 2381 497 2426 nec
513 2357 656 2426 dubium
671 2366 723 2426 est
737 2358 821 2448 quin
834 2358 870 2426 in
884 2357 1003 2449 patriis
1019 2356 1145 2426 scholis
1159 2365 1277 2426 vetus-

212 2482 299 2552 tiora
332 2484 487 2574 exempla
525 2483 777 2573 cognovissetl.
804 2485 905 2554 Nunc
928 2484 1105 2553 fatendum
1134 2490 1185 2551 est
1212 2503 1279 2572 qua

212 2604 333 2695 lingue
366 2607 433 2676 hoo
468 2607 674 2676 miraculum
707 2607 872 2699 scriptum
900 2607 1002 2675 fuerit
1040 2607 1085 2675 M.
1121 2605 1280 2674 Paridem

213 2731 375 2800 tacuisse.
393 2733 462 2802 Sed
475 2733 660 2802 verisimile
677 2733 795 2803 drama
811 2733 903 2824 quod
920 2734 959 2800 B.
979 2731 1112 2801 Nicolai
1128 2733 1280 2801 dramata
1332 2791 1333 2796 ,

213 2867 366 2949 ternpore
377 2859 473 2950 praeit
488 2869 591 2952 atque
607 2860 643 2927 in
665 2860 792 2929 scholis
807 2860 872 2927 fuit
886 2868 1013 2942 actum,
1030 2858 1280 2926 monachorum

212 2983 332 3074 lingue
362 2985 528 3092 scriptum
555 2987 673 3055 fuisse.
697 2988 773 3069 Quo
798 2988 896 3054 litut
924 3009 995 3054 non
1021 2984 1166 3060 fortasse
1187 2983 1278 3053 deri-

216 3107 354 3178 deretur
383 3110 442 3201 qui
457 3109 659 3179 recentioris
684 3109 877 3180 dramaticae
899 3109 981 3177 artis
1008 3107 1216 3177 incunabula
1245 3107 1282 3174 in

215 3235 446 3320 monasteriis,
463 3235 499 3306 id
514 3244 565 3304 est
575 3236 611 3304 in
625 3235 914 3304 monasteriorum
928 3233 1067 3318 scholis,
1077 3234 1172 3304 haud
1183 3255 1282 3302 secus

218 3359 307 3428 acin
329 3361 481 3431 ecclesiis
497 3363 730 3454 conquirenda
751 3386 826 3432 esse
843 3357 1079 3433 contenderet.

285 3489 449 3560 Nondum
477 3500 593 3560 tamen
622 3493 665 3560 ad
698 3491 900 3561 altissimam
933 3489 1102 3579 originem
1134 3488 1283 3578 regressi

221 3633 354 3682 sumus.
371 3614 451 3683 Fuit
465 3615 557 3684 enim
570 3624 737 3707 regnante
757 3615 879 3685 Carolo
903 3615 1030 3705 Magno
1045 3619 1194 3706 templis,
1215 3636 1282 3704 quo

275 3835 299 3891 1.
321 3839 396 3905 Vitae
411 3841 546 3896 abbatum
562 3841 660 3897 Sancti
675 3841 791 3896 Albani.
811 3839 893 3894 Hunc
905 3840 998 3902 locum
1015 3840 1050 3894 ab
1064 3838 1208 3893 Hallamio
1222 3837 1285 3892 Me-

222 3935 347 4007 rilioque
360 3947 549 3995 memoratum
564 3941 674 4012 primus
689 3940 799 3994 eruisse
819 3937 891 3991 mihi
910 3938 1023 3992 videtur
1034 3936 1146 3991 Bulaeus
1159 3937 1189 3990 in
1200 3934 1284 3988 Univ.

222 4033 288 4088 Par.
311 4035 346 4101 ΙΙ,
367 4056 394 4111 p.
412 4039 477 4105 226,
494 4041 626 4112 idemque
640 4041 672 4095 in
694 4040 770 4094 libro
791 4037 822 4094 de
846 4036 977 4106 Patronis
989 4038 1114 4104 Quotuor
1123 4035 1286 4097 Notionem,

221 4148 250 4202 p.
267 4131 400 4190 116-117.

279 4229 306 4287 2.
330 4254 343 4288 c
363 4237 388 4291 N
392 4254 428 4291 on
442 4254 517 4293 novo
528 4238 643 4311 quidem
658 4237 792 4292 instituto
804 4236 853 4292 sed
863 4237 897 4291 de
913 4233 1120 4291 consuetudine
1132 4232 1289 4305 magistro·

225 4353 290 4393 rum
304 4342 333 4393 et
344 4335 517 4392 scholarum.
538 4354 550 4392 t>
566 4335 652 4403 (But,
666 4335 701 4401 11,
713 4335 787 4403 226.)
