3142 5066
726 449 903 526 ...76-

280 615 382 682 Homo
398 618 445 682 eat
460 611 575 676 animal
589 612 642 679 vel
656 611 803 677 tenellus.
818 615 915 676 Omne
931 615 1035 680 album
1054 621 1103 683 est

279 725 380 791 Homo
395 721 447 784 rel
462 721 609 784 fanellus.
626 722 858 800 Consequentia
870 741 933 785 non
945 725 1030 787 valet
1046 731 1078 790 ct

279 831 395 892 Tamen
411 830 602 908 arguiturin
616 831 762 893 barbara.
776 833 861 908 Ergo
877 833 1100 914 consequentia

279 943 317 1002 In
329 943 463 1001 barbara
477 959 540 1000 non
559 957 684 1018 semper
698 919 791 1002 bona.
807 942 875 1002 Hoc
890 945 1007 1020 negas?

439 1092 446 1109 .
470 1094 478 1108 .
503 1093 512 1110 .
534 1048 599 1107 Hal
615 1049 672 1108 hal
687 1047 752 1125 jam
767 1055 801 1110 tu
816 1050 921 1110 taeesl
939 1052 1005 1128 Ego
1018 1053 1100 1113 bene

276 1151 419 1214 Sciebam
436 1154 518 1230 quod
533 1171 592 1230 ego
606 1153 745 1216 facerem
757 1161 788 1215 te
803 1156 1025 1234 quinaudum¹.

273 1321 325 1392 Ne
348 1329 449 1414 putes
471 1321 538 1391 hoc
559 1320 596 1390 in
625 1343 745 1390 omnes
773 1323 965 1412 generatim
983 1325 1134 1396 insulsos
1149 1328 1340 1418 logodaeda·

275 1449 327 1515 los
343 1456 402 1515 aut
417 1445 558 1514 uxorios
583 1445 739 1514 rhetores
768 1445 833 1514 dici
852 1469 859 1514 :
876 1445 934 1516 hic
958 1445 1044 1516 mihi
1057 1449 1193 1519 videtur
1214 1451 1270 1542 agi
1297 1454 1338 1524 de

275 1571 375 1641 certis
400 1568 667 1663 praeceptcrihus
684 1569 742 1659 qui
758 1569 991 1658 Burdigalam,
1015 1595 1105 1641 anno
1123 1576 1220 1658 1533,
1238 1577 1340 1646 Turta

273 1697 373 1782 duce,
393 1697 601 1790 petiverunt,
623 1704 661 1764 ut
690 1693 809 1765 scitur.
836 1695 886 1764 De
903 1696 1027 1786 quihus
1046 1700 1120 1790 jam
1142 1699 1178 1770 in
1193 1701 1339 1792 prologo

274 1822 426 1896 incertus
446 1832 588 1892 auctor:

373 1990 476 2060 Quare
492 1985 633 2046 rixantes
646 1984 817 2064 Naphlaeus
828 1985 933 2063 pulsat
947 1986 984 2044 ab
1000 1988 1078 2046 urbe

410 2093 530 2154 Exsilio
545 2073 665 2171 hosque
679 2091 740 2152 alio
751 2109 864 2152 censor
879 2093 966 2152 abire
978 2092 1082 2168 jubet.

369 2204 512 2266 Rhetora
525 2206 616 2278 turpe
634 2200 716 2277 quod
732 2207 779 2260 est
794 2207 919 2277 gestare
940 2201 1096 2277 cupidinis
1109 2201 1260 2280 umbram,

407 2308 592 2370 Barbariem
605 2307 717 2368 studiis
733 2309 877 2384 quodque
893 2308 1032 2384 sophista
1049 2307 1137 2368 serit.

370 2393 543 2480 Subveniet
557 2403 681 2476 miseris
698 2433 809 2474 uerum
825 2414 1029 2488 Rhamnusia,
1047 2415 1169 2492 quando

408 2524 465 2582 His
478 2521 675 2583 Tartesiacas
688 2522 832 2600 porriget
846 2521 915 2598 ipsa
929 2539 1050 2582 manua.

265 2675 338 2746 Nec
370 2674 500 2745 desunt
516 2671 768 2741 malevolentiae
797 2671 833 2739 in
862 2673 1012 2761 collegas
1039 2681 1099 2742 aut
1127 2673 1164 2741 in
1189 2675 1333 2744 aemulcs

267 2808 448 2869 auctorum
479 2805 677 2866 nostrorum
716 2797 884 2887 exempla.
920 2797 1010 2879 Quid
1052 2797 1163 2866 dicam
1200 2799 1241 2866 de
1278 2799 1332 2867 his

267 2926 370 3010 ludis,
388 2922 447 2991 uhi
464 2919 697 3013 spectantibus
712 2944 752 2988 ae
764 2921 1009 3012 plaudentibus
1023 2922 1252 3006 Aristoteleis,
1269 2925 1334 2994 Ra-

265 3072 344 3119 mus
360 3046 454 3116 omni
470 3043 618 3113 ludibrio
646 3052 679 3111 et
706 3043 851 3112 convicii
878 3069 1005 3134 genere
1020 3046 1125 3138 (anno
1145 3047 1256 3139 istu),
1280 3049 1331 3117 af-

263 3177 373 3244 fectus
388 3169 496 3240 fuitr²
511 3170 613 3237 Anno
647 3171 745 3252 test,
770 3169 806 3237 in
834 3171 993 3262 jesuitas‚
1024 3172 1116 3263 quod
1141 3172 1330 3244 Parisiensi

262 3295 485 3370 Universitati
500 3294 761 3376 aemulabantur,
781 3304 900 3384 parata
915 3296 1056 3364 fuerunt
1070 3296 1234 3382 dramata,
1252 3320 1328 3388 quae

203 3485 205 3492 ,
262 3433 378 3493 tamen
392 3420 429 3489 in
449 3441 587 3494 scenam
606 3439 677 3486 non
692 3419 833 3488 inducta
853 3428 944 3498 sunt,
968 3429 1005 3488 ut
1016 3429 1109 3510 patet
1124 3444 1166 3490 ex
1185 3421 1330 3513 epistola

259 3548 419 3616 Edmuudi
438 3547 535 3630 Hupit'
552 3547 674 3629 jesuitae
688 3546 727 3610 ud
736 3547 909 3629 jesuitum:
928 3543 1174 3613 «Parabantur
1190 3544 1226 3613 in
1246 3546 1329 3615 duo·

260 3672 325 3743 bus
342 3667 496 3760 collegiis
512 3667 686 3737 eomoediae
701 3676 735 3736 et
754 3667 930 3758 tragoediae
946 3669 1158 3760 (quanquam
1177 3691 1241 3761 ego
1256 3695 1328 3742 non

260 3797 452 3888 intelligam
474 3817 542 3884 quo
567 3802 666 3885 pacto
694 3792 827 3885 abjecta
848 3794 1025 3862 humilitas
1037 3795 1246 3886 jesuitarum
1268 3820 1326 3866 ou-

261 3923 387 3992 thurnu
409 3917 541 4006 tragico
563 3915 749 3986 convenire
785 3916 927 4008 possid:
958 3940 1014 3988 res
1035 3926 1152 3988 tamen
1179 3918 1217 3988 in
1243 3942 1325 4010 pro.

244 4103 247 4114 *
314 4118 339 4173 1.
360 4116 506 4187 Dialogus
516 4112 685 4186 Sophistici‚
701 4114 829 4178 etc.‚fol.
845 4111 904 4168 109.

311 4213 340 4272 2.
359 4212 472 4299 Taleeus
486 4210 562 4285 apud
574 4209 746 4282 Waddingt.
762 4209 895 4278 Remum,
906 4229 934 4290 p.
947 4210 991 4268 30.
