3142 5066
733 542 911 611 -26-·

291 721 329 782 ut
343 713 476 804 majore
496 712 725 803 proferantur,
743 731 905 779 ursorum
918 710 1044 800 pugnis
1054 712 1354 807 Joculatorumque

292 836 412 909 vitreis
431 835 666 926 imaginihus¹
698 843 858 903 contenta
885 834 945 904 diu
963 834 1104 920 fuisset;
1133 860 1240 928 quum
1267 863 1356 930 pree-

291 971 386 1032 terea
417 961 613 1032 scholastici
642 963 734 1053 apud
763 984 822 1031 eos
848 971 1144 1056 praeceptoresque
1172 965 1213 1035 de
1243 964 1355 1034 satiris

292 1091 377 1160 adeo
392 1112 464 1159 non
493 1088 683 1180 cogitarent
701 1097 751 1172 ut,
768 1088 942 1158 renovatis
964 1089 1007 1158 ad
1029 1089 1225 1181 exemplum
1249 1091 1356 1160 Italiae

290 1215 427 1302 litteris,
450 1238 541 1307 saepe
557 1237 673 1285 eoram
693 1213 904 1306 principibus
925 1215 1216 1307 colendorumque
1229 1216 1357 1308 princi-

292 1365 376 1434 pum
401 1340 511 1432 gratia
524 1340 725 1411 luderentur
744 1339 880 1425 fahulae,
904 1363 976 1410 non
997 1363 1088 1430 aegre
1103 1342 1194 1433 apud
1219 1341 1357 1411 Germa·

292 1489 357 1537 nos
372 1467 481 1558 evasit
495 1467 569 1535 sine
592 1465 721 1558 asperis
748 1451 879 1535 facetiis
899 1465 1186 1558 antiquorumque
1214 1467 1356 1536 aemula-

295 1593 363 1663 trix
403 1592 653 1684 elegantiarum
689 1590 869 1662 comoedie.
906 1592 1082 1662 Interdum
1110 1596 1354 1678 Marathonius,

292 1740 438 1810 quarum
451 1717 526 1786 haec
547 1725 627 1787 aetcs
646 1716 831 1801 amantior,
847 1715 1076 1800 indulserunt,
1096 1739 1136 1786 ea
1150 1726 1265 1786 tamen
1279 1718 1356 1808 lege

292 1853 330 1913 ut
345 1867 387 1912 ex
406 1842 527 1933 graecis
548 1842 676 1934 mythis
692 1849 897 1934 argumenta
912 1849 1015 1934 etque
1030 1842 1179 1912 morales
1201 1865 1356 1935 personae

292 1972 587 2062 depromerentur.

357 2097 467 2188 Igitur
477 2098 540 2167 suh
552 2099 620 2166 line
633 2095 743 2188 quinti
758 2096 882 2167 decimi
891 2093 1008 2165 saeculi
1022 2097 1356 2189 autpropelamreci-

290 2228 370 2292 tatae
382 2232 441 2292 aut
453 2223 489 2291 in
505 2245 644 2292 scenam
663 2223 811 2293 inductae
829 2221 1167 2311 suntHeidelhergae‚
1181 2222 1353 2314 Frihurgi‚

290 2345 505 2438 Ingolstadii,
519 2347 739 2439 Argentoreti
755 2356 857 2439 etque
872 2346 908 2415 in
923 2346 999 2416 aliis
1012 2347 1097 2417 loeis
1108 2347 1222 2417 latinae
1234 2370 1357 2417 comoe-

291 2471 356 2544 di'ae
384 2496 530 2565 quarum
557 2473 646 2542 inter
670 2482 826 2543 auctores
848 2473 1041 2541 clarescunt
1062 2473 1354 2565 Vympfelingius‚

290 2598 527 2684 Philomusus,
549 2598 692 2691 Capnio‚
712 2600 890 2669 Conradus
902 2598 1026 2684 celtes,
1046 2598 1218 2685 Bebelius,
1236 2598 1357 2668 Sebas-

291 2724 405 2794 tianus
420 2725 561 2796 Brandt.
578 2726 713 2796 Horum
724 2726 855 2817 primus
870 2723 1139 2816 Vimpfelingius
1156 2725 1355 2816 Stylphonis
1462 2783 1463 2788 ,

290 2852 384 2923 haud
408 2852 577 2922 insulsam
597 2851 761 2938 fabulam,
784 2853 964 2942 soluteque
992 2851 1145 2920 oratione
1167 2851 1203 2919 in
1217 2851 1354 2920 leudem

289 2976 562 3047 Universitatum
575 2985 760 3062 exaratam,
771 2998 861 3047 anno
875 2979 973 3061 1470,
986 2976 1236 3066 Heidelbergae‚
1248 3003 1264 3039 α
1274 2976 1356 3045 dum

290 3101 364 3172 viee
380 3103 622 3173 cancellarium
637 3113 772 3194 gereret
785 3105 827 3174 ad
840 3103 1071 3173 licenciandos
1087 3105 1255 3194 quosdam
1268 3101 1355 3171 reoi-

291 3228 409 3298 tavitl.
427 3257 443 3294 »
465 3230 561 3299 Idem
572 3229 766 3321 Philippico
781 3252 843 3299 seu
862 3259 876 3296 c
894 3229 1049 3320 dialogos
1061 3252 1122 3299 sex
1134 3252 1197 3322 pro
1216 3228 1354 3298 institu-

347 3525 371 3583 l.
392 3526 469 3583 Man.
488 3526 591 3592 schol,
606 3546 634 3601 p.
648 3527 693 3582 43.

344 3625 371 3682 2.
391 3625 476 3680 Teste
500 3623 804 3681 EuchariiGallinarii
836 3623 995 3680 Brethemii
1014 3626 1064 3696 qui
1087 3624 1162 3680 hanc
1184 3625 1353 3680 comoediam

291 3721 381 3777 edidit
391 3724 513 3797 epistola
523 3723 678 3779 Bartholdo
689 3725 868 3796 Kyrsmanno
876 3723 911 3778 de
918 3722 996 3778 Horb
1006 3724 1195 3796 philosophiae
1203 3725 1352 3794 magistro.

292 3851 326 3862 -
341 3821 458 3894 Stylpho
469 3821 572 3876 Jahobi
585 3821 792 3894 Vympfelmgii
807 3817 981 3886 Sletstatini‚
996 3823 1084 3888 in·4⁰‚
1098 3842 1121 3878 s.
1134 3824 1152 3878 l.
1170 3829 1197 3877 et
1213 3841 1238 3878 a.
1252 3822 1349 3890 (Bibl.

292 3923 362 3985 nat.)
377 3947 411 3961 -
424 3917 512 3990 Cujus
523 3919 654 3991 opusculi
665 3921 717 3974 suh
729 3920 806 3974 fine:
829 3932 842 3972 c
863 3919 965 3975 Valete
975 3927 1002 3974 et
1011 3921 1148 3992 plaudite.
1173 3921 1233 3977 Jae.
1250 3921 1351 3994 Vymp.

291 4009 362 4075 Slet.
378 4019 510 4074 recensui
525 4036 600 4074 anno
614 4017 723 4073 Christi
736 4016 948 4074 Mcoocnxx.
967 4038 980 4072 a

345 4117 454 4174 Fabulae
469 4125 669 4190 orpomeotcm.
683 4137 697 4171 «
714 4117 775 4173 Duo
786 4117 930 4190 quondam
943 4119 1168 4173 conterraneiex
1177 4118 1284 4174 scholis
1293 4135 1356 4190 par·

291 4217 464 4272 ticularibus
479 4215 652 4273 Vincentius
667 4218 702 4272 ad
716 4218 933 4273 universitatem
944 4215 1062 4290 Stylpho
1074 4218 1109 4272 ad
1118 4219 1277 4273 Romanam
1293 4235 1355 4272 sese

293 4315 404 4372 'curiam
418 4322 596 4390 receperunt.
618 4317 790 4374 Vincentius
803 4315 915 4388 jurium
929 4315 1036 4371 litteris
1052 4316 1214 4390 'invigilans
1229 4317 1357 4373 Palatini
